,date_time,instrument,client,price,mid,vol_MM,dv01,num_dealers,side,won
94075,2019-01-25 15:58:29.0,I,F,112.779,112.7416,2.0,6.087,5,-1,0
94087,2019-01-28 09:28:10.0,B,G,106.065,106.1855,0.5,21.9017,5,1,0
94089,2019-01-28 09:40:24.0,F,G,107.607,107.557,0.975,13.2621,5,-1,0
94158,2019-01-29 16:21:06.0,E,F,100.622,100.582,0.01,4.4853,5,-1,0
94194,2019-01-30 16:19:28.0,F,F,107.297,107.217,0.448,13.2087,5,-1,0
94244,2019-01-31 16:20:59.0,F,F,108.102,107.942,0.59,13.3072,5,-1,0
94329,2019-02-05 16:21:31.0,F,F,107.136,107.056,0.037,13.1736,5,-1,0
94492,2019-02-13 12:24:09.0,F,F,107.13,107.0595,0.12,13.1565,5,-1,0
96928,2019-02-18 16:24:28.0,C,G,101.014,101.027,10.0,9.5187,3,1,0
96973,2019-02-20 13:25:21.0,C,G,101.297,101.3064,10.0,9.5442,4,1,1
97029,2019-02-22 11:18:21.0,B,F,106.415,106.345,0.005,21.9106,7,-1,0
97032,2019-02-22 12:08:54.0,C,G,101.524,101.5546,8.2,9.5621,4,1,0
97124,2019-02-27 09:51:07.0,G,F,103.62,103.5696,2.0,7.5625,5,-1,0
97125,2019-02-27 09:52:30.0,B,F,106.955,107.189,0.5,22.1274,5,1,0
97151,2019-02-27 14:38:53.0,A,G,102.179,103.6042,17.9,8.4332,5,1,0
97170,2019-02-28 12:35:34.0,C,G,101.721,101.7247,9.1,9.5661,4,1,1
97341,2019-03-07 11:43:33.0,A,F,102.372,102.3478,0.28,8.9791,5,-1,0
97423,2019-03-12 09:46:58.0,C,G,102.694,102.7012,2.0,9.6469,5,-1,0
97511,2019-03-14 11:40:20.0,E,G,100.943,100.9535,5.2,4.3805,4,1,0
97512,2019-03-14 11:43:41.0,C,G,102.662,102.657,7.6,9.6325,5,1,1
97602,2019-03-19 15:42:45.0,C,G,102.637,102.6303,0.8,9.623,5,-1,0
97605,2019-03-19 16:18:27.0,F,F,109.065,109.039,0.005,13.3695,5,-1,1
97679,2019-03-21 16:21:11.0,D,F,101.726,101.6969,0.527,14.2703,5,-1,0
97698,2019-03-22 12:30:19.0,C,G,103.562,103.5707,5.1,9.7108,4,1,1
101221,2019-03-25 16:01:14.0,B,F,109.337,109.4415,0.05,22.685,5,1,0
101339,2019-03-29 10:57:42.0,E,F,101.349,101.317,2.0,4.3593,5,-1,0
101424,2019-04-02 13:59:16.0,C,G,103.201,103.2107,7.05,9.6521,4,1,0
101463,2019-04-03 15:37:15.0,G,F,104.357,104.3029,0.01,7.5346,5,-1,0
101473,2019-04-04 08:59:37.0,C,G,103.086,103.0592,53.8,9.6251,1,-1,0
101528,2019-04-08 11:03:58.0,C,G,103.465,103.4603,10.75,9.6631,3,1,1
101605,2019-04-10 15:16:50.0,E,F,101.49,101.4715,0.55,4.3399,5,-1,0
104136,2019-04-12 14:59:05.0,D,F,102.695,102.6295,0.31,14.3778,5,-1,0
104172,2019-04-15 12:54:50.0,F,F,110.454,110.3935,0.2,13.504,5,-1,0
104188,2019-04-16 08:03:27.0,B,G,109.772,109.793,10.0,22.7438,3,-1,0
104290,2019-04-24 09:43:28.0,D,F,101.857,101.841,0.4,14.2287,5,-1,1
104351,2019-04-26 09:41:41.0,D,F,101.981,101.9312,0.005,14.2341,5,-1,0
104381,2019-04-26 15:05:44.0,I,F,113.89,113.8531,0.099,5.918,5,-1,0
104382,2019-04-26 15:09:57.0,F,F,111.075,111.025,0.02,13.5656,5,-1,0
104472,2019-05-02 14:54:18.0,F,F,111.659,111.609,0.7,13.635,5,-1,0
104473,2019-05-02 14:56:01.0,D,F,103.384,103.334,0.58,14.4498,5,-1,0
104487,2019-05-03 10:08:09.0,D,G,103.227,103.2773,6.0,14.4386,5,1,0
104549,2019-05-07 13:47:21.0,F,F,111.979,111.929,1.025,13.6747,5,-1,0
104635,2019-05-10 14:54:37.0,D,F,103.4,103.3223,0.2,14.4312,5,-1,0
104664,2019-05-13 15:17:55.0,F,F,111.55,111.507,0.23,13.6009,5,-1,0
104736,2019-05-16 09:29:32.0,L,G,100.912,100.9113,8.4,5.2106,5,1,1
104770,2019-05-17 10:21:22.0,C,G,105.596,105.5832,0.8,9.79,5,-1,0
104942,2019-05-29 08:43:05.0,C,G,106.824,106.8193,5.2,9.8953,4,1,0
104989,2019-05-30 15:20:52.0,C,G,106.525,106.55,3.0,9.8592,5,1,0
105016,2019-05-31 15:20:19.0,I,F,114.727,114.7591,0.2,5.8811,2,1,0
105147,2019-06-06 12:58:48.0,H,F,111.935,111.8918,0.25,7.298,1,-1,0
105155,2019-06-06 15:12:02.0,C,G,108.055,108.0375,14.6,9.9986,4,-1,0
105226,2019-06-10 15:23:19.0,A,G,108.03,108.0654,1.0,9.3137,5,1,0
105267,2019-06-12 09:11:30.0,J,G,113.254,113.2903,0.6,11.4574,5,1,0
105293,2019-06-12 15:27:53.0,D,F,110.491,110.4461,0.294,15.5166,5,-1,0
105377,2019-06-17 15:42:49.0,D,G,111.51,111.509,2.7,15.6774,1,1,1
105435,2019-06-18 15:19:21.0,D,G,113.636,113.7618,7.5,16.0435,5,1,0
105465,2019-06-19 12:23:10.0,B,G,130.905,130.7249,2.6,28.2029,5,-1,0
105518,2019-06-20 15:03:48.0,F,F,121.668,121.623,0.201,14.9518,6,-1,0
105549,2019-06-21 15:02:30.0,K,F,128.313,128.349,3.5,7.1038,6,1,1
105719,2019-06-28 15:14:43.0,B,G,131.579,131.62,4.1,28.417,4,1,0
105753,2019-07-02 07:58:26.0,A,G,110.351,110.4176,5.1,9.4884,5,1,0
105778,2019-07-02 15:24:39.0,F,F,123.003,122.973,0.23,15.1197,6,-1,0
105823,2019-07-04 07:42:17.0,D,G,117.614,117.6555,0.3,16.6264,5,1,0
105904,2019-07-05 13:58:34.0,L,F,102.312,102.3299,1.5,5.1603,5,1,0
108833,2019-07-05 14:52:41.0,F,F,122.325,122.285,0.1,15.0081,6,-1,0
108883,2019-07-09 08:28:14.0,B,G,131.215,131.2992,2.2,28.3009,5,1,0
108910,2019-07-10 07:47:03.0,B,G,131.187,131.2575,2.1,28.2984,5,1,0
108988,2019-07-12 07:54:37.0,B,G,127.892,127.9903,2.0,27.4246,5,1,0
111954,2019-07-15 08:58:25.0,B,G,127.564,127.6503,0.7,27.3248,4,1,0
112002,2019-07-16 08:57:01.0,F,F,121.139,120.9448,0.21,14.7939,6,-1,0
112019,2019-07-16 14:12:32.0,J,G,114.868,114.9376,4.05,11.5625,5,1,0
112025,2019-07-16 15:14:24.0,A,F,109.38,109.3085,0.13,9.3418,6,-1,0
112044,2019-07-17 11:27:21.0,B,G,130.576,130.523,1.0,28.0892,5,-1,1
112111,2019-07-19 11:50:57.0,J,G,116.07,116.0699,3.05,11.6802,5,1,0
112113,2019-07-19 12:13:18.0,I,G,115.657,115.6572,10.0,5.8028,5,1,0
112135,2019-07-22 09:43:52.0,J,G,115.917,115.9592,2.65,11.6647,5,1,0
112183,2019-07-23 15:26:51.0,C,G,110.571,110.5463,4.0,10.1479,4,-1,1
112229,2019-07-24 15:36:42.0,L,G,102.498,102.5494,7.5,5.1265,5,1,0
112259,2019-07-25 15:38:28.0,A,G,110.343,110.3142,13.2,9.4106,5,-1,0
112284,2019-07-26 15:29:44.0,L,G,102.396,102.4244,5.45,5.1079,4,1,1
112469,2019-08-06 07:56:56.0,F,G,124.765,124.8645,2.8,15.2963,5,1,0
112501,2019-08-07 11:57:04.0,F,G,126.14,126.1585,2.8,15.4825,5,1,0
112503,2019-08-07 14:20:01.0,D,G,120.296,120.1356,1.4,16.95,6,-1,0
112504,2019-08-07 14:47:05.0,L,F,102.935,102.903,1.0,5.109,7,-1,0
112608,2019-08-13 14:32:17.0,B,G,139.14,139.5746,0.1,30.4617,6,1,0
112739,2019-08-22 15:13:21.0,L,G,102.799,102.8142,0.3,5.0566,5,1,0
112920,2019-09-03 13:12:57.0,I,G,115.916,115.9419,0.6,5.6983,8,1,0
114125,2019-09-09 15:03:52.0,B,G,137.714,137.838,0.5,29.9327,7,1,0
114223,2019-09-13 09:42:22.0,C,G,111.74,111.5888,1.5,10.1144,5,-1,0
114306,2019-09-18 08:45:43.0,E,F,102.436,102.4745,5.0,3.9484,6,1,0
114318,2019-09-18 11:05:29.0,C,F,111.919,111.8787,0.007,10.1123,6,-1,0
114806,2019-09-27 15:43:22.0,C,G,112.67,112.7188,15.8,8.9468,1,1,1
114989,2019-10-09 13:06:06.0,I,F,115.425,115.4657,0.025,5.5808,1,1,0
118182,2019-10-17 15:10:34.0,L,F,102.289,102.262,5.0,4.9315,4,-1,1
118231,2019-10-21 14:03:05.0,A,G,110.645,110.6611,3.2,9.3811,5,1,0
118332,2019-10-25 14:38:27.0,H,G,112.848,112.8662,1.2,7.12,8,1,0
130624,2019-01-25 10:23:44.0,A,F,101.662,101.6302,1.0,9.0065,5,-1,0
130665,2019-01-28 13:44:54.0,A,F,101.359,101.3742,3.603,8.978,6,1,0
130679,2019-01-28 16:20:02.0,G,F,103.015,103.0446,0.065,7.5941,5,1,0
130784,2019-01-31 16:19:47.0,A,F,101.894,101.8378,1.5,9.013,5,-1,1
130785,2019-01-31 16:21:21.0,E,F,100.554,100.672,0.1,4.4793,5,1,0
131764,2019-02-08 14:01:54.0,H,F,107.774,107.7089,4.7,7.2804,5,-1,0
131920,2019-02-15 16:03:40.0,A,F,101.481,101.4448,0.02,8.9367,4,-1,0
131923,2019-02-15 16:13:38.0,G,F,102.884,102.9189,0.28,7.5328,4,1,0
131924,2019-02-18 08:48:07.0,E,F,100.62,100.5876,0.9,4.4313,5,-1,0
133047,2019-02-25 16:25:38.0,J,F,105.909,105.8623,0.102,10.8443,5,-1,0
133338,2019-02-28 15:06:58.0,F,F,107.928,107.9275,0.1,13.2454,5,1,1
133398,2019-03-04 12:44:50.0,D,G,99.069,99.0825,7.5,13.882,5,1,1
133450,2019-03-06 09:33:45.0,B,G,106.593,106.6625,4.0,21.9807,5,1,0
133597,2019-03-08 16:16:05.0,F,F,109.522,109.496,0.036,13.454,5,-1,0
133627,2019-03-11 14:39:53.0,B,G,108.427,108.442,3.8,22.4411,5,1,0
133691,2019-03-13 13:31:28.0,I,F,113.114,113.0591,2.0,5.9895,5,-1,0
133731,2019-03-14 15:47:20.0,F,G,108.84,108.91,1.2,13.356,5,1,0
133765,2019-03-15 14:18:10.0,I,F,113.199,113.1348,0.995,5.9837,5,-1,0
134936,2019-03-18 16:16:52.0,D,F,100.947,100.9016,0.25,14.151,5,-1,0
134948,2019-03-19 10:51:44.0,I,G,113.349,113.3488,2.0,5.9923,5,1,0
135389,2019-03-27 14:16:45.0,B,F,110.776,110.871,0.5,23.0578,5,1,0
135475,2019-04-01 10:02:44.0,E,F,101.202,101.229,2.0,4.3519,5,1,0
135546,2019-04-03 09:43:50.0,C,G,102.98,103.0235,6.35,9.6285,4,1,0
135601,2019-04-03 15:38:11.0,D,F,101.286,101.2861,0.98,14.1814,5,-1,1
135740,2019-04-09 13:56:30.0,J,F,107.675,107.7401,0.6,10.9646,5,1,0
135835,2019-04-12 10:18:23.0,C,G,104.099,104.0986,3.9,9.7168,5,-1,1
138253,2019-05-03 10:05:15.0,D,G,103.298,103.2932,7.5,14.4411,5,1,1
139866,2019-05-06 08:43:52.0,C,F,104.503,104.5267,5.0,9.7086,5,1,0
139927,2019-05-08 09:21:09.0,C,G,104.761,104.7918,14.05,9.7319,4,1,0
139944,2019-05-08 15:08:13.0,F,F,111.944,111.901,0.17,13.6684,5,-1,0
140073,2019-05-15 09:32:52.0,B,G,112.375,112.515,3.5,23.4195,4,1,0
143387,2019-05-27 11:48:40.0,D,G,105.965,106.0354,4.5,14.8382,4,1,0
143404,2019-05-28 09:08:51.0,D,G,106.328,106.3346,4.2,14.8836,5,1,1
143438,2019-05-29 08:44:52.0,D,G,107.286,107.2803,4.3,15.0353,4,1,1
143445,2019-05-29 09:27:44.0,L,G,101.277,101.3018,5.25,5.2043,5,1,0
143482,2019-05-30 15:35:26.0,A,G,106.625,106.6549,0.2,9.1964,5,1,0
143519,2019-05-31 15:26:57.0,B,G,118.98,118.8795,24.2,25.0723,1,-1,1
145635,2019-06-03 15:18:50.0,D,F,108.261,108.2161,0.112,15.1758,5,-1,0
145671,2019-06-04 14:58:39.0,L,F,101.484,101.5157,2.0,5.2014,1,1,1
145684,2019-06-05 10:28:57.0,C,G,107.729,107.7141,0.4,9.9748,5,-1,0
145755,2019-06-10 07:44:35.0,L,G,101.723,101.7427,0.65,5.1989,5,1,0
145850,2019-06-12 14:13:18.0,B,G,124.523,124.443,0.35,26.532,6,-1,0
148764,2019-06-24 15:23:17.0,D,F,114.234,114.178,0.09,16.0936,6,-1,0
149036,2019-07-04 12:57:34.0,B,F,136.815,136.909,0.2,29.8217,5,1,0
149054,2019-07-04 15:21:49.0,C,F,111.662,111.654,0.001,10.3094,6,-1,0
149087,2019-07-05 13:27:11.0,A,F,110.183,110.3295,1.562,9.4653,6,1,0
149097,2019-07-08 07:44:57.0,D,G,115.58,115.6026,2.6,16.2936,5,1,0
149100,2019-07-08 08:16:20.0,H,G,113.252,113.2731,2.35,7.3256,5,1,0
152030,2019-07-09 13:32:30.0,B,G,131.825,131.9131,2.05,28.478,5,1,0
152059,2019-07-10 10:21:17.0,E,F,102.363,102.406,10.0,4.1378,6,1,0
152118,2019-07-11 14:04:24.0,B,G,129.363,129.6413,2.0,27.8513,5,1,0
152151,2019-07-12 12:43:05.0,D,F,112.3,112.1379,0.108,15.7139,6,-1,1
152182,2019-07-16 08:53:11.0,I,G,115.36,115.405,3.3,5.8009,5,1,0
152183,2019-07-16 08:57:32.0,D,F,113.965,113.803,0.4,15.9812,6,-1,0
152184,2019-07-16 08:58:45.0,F,F,121.131,120.937,1.0,14.793,6,-1,0
152200,2019-07-16 15:15:45.0,H,F,112.703,112.5849,0.08,7.2515,6,-1,0
152210,2019-07-17 08:12:14.0,L,G,102.119,102.1587,5.0,5.1223,5,1,0
152263,2019-07-18 12:36:14.0,B,G,132.007,131.9178,1.9,28.4526,4,-1,0
152884,2019-07-19 09:24:19.0,J,G,115.941,115.9692,2.1,11.669,5,1,0
152896,2019-07-19 11:50:28.0,L,G,102.379,102.3993,3.5,5.1258,5,1,0
152898,2019-07-19 12:11:25.0,G,G,109.029,109.059,1.6,7.6396,5,1,0
152901,2019-07-22 07:18:13.0,L,G,102.313,102.3329,3.7,5.119,5,1,1
152936,2019-07-23 10:13:46.0,A,G,109.853,109.8112,0.7,9.3725,6,-1,0
152999,2019-07-25 09:53:57.0,B,G,133.491,133.9261,1.9,28.9754,5,1,0
153053,2019-07-26 11:11:51.0,C,G,110.992,110.9674,2.6,10.179,5,-1,0
153101,2019-07-30 12:44:41.0,B,G,132.246,132.3324,1.4,28.5561,5,1,0
153151,2019-08-01 08:56:00.0,L,G,102.47,102.5089,13.1,5.0963,1,-1,1
153186,2019-08-02 09:18:38.0,L,G,102.659,102.6868,2.6,5.1042,5,1,1
153234,2019-08-06 07:58:51.0,F,G,124.805,124.8945,2.8,15.3042,5,1,0
154041,2019-08-07 14:21:40.0,D,G,120.186,120.1901,1.4,16.9527,6,-1,0
154821,2019-08-22 15:14:03.0,L,G,102.764,102.8142,1.3,5.057,5,1,0
154861,2019-08-26 12:20:50.0,B,F,141.196,141.661,0.219,30.9909,6,1,0
155199,2019-09-11 15:28:09.0,D,F,117.176,117.2562,0.65,16.4018,6,1,0
157370,2019-10-03 14:21:47.0,L,G,102.713,102.727,0.4,4.9342,6,1,0
158104,2019-10-04 08:37:58.0,L,G,102.769,102.7536,0.6,4.9349,5,-1,0
158163,2019-10-09 13:01:49.0,E,F,102.7,102.7061,0.001,4.0,1,1,1
161747,2019-02-01 11:58:45.0,E,B,100.721,100.696,1.2,4.478,5,-1,0
161753,2019-02-01 11:52:14.0,F,A,107.802,107.752,0.1,13.2777,6,-1,0
161756,2019-02-01 16:17:11.0,E,C,100.691,100.661,0.024,4.4763,5,-1,0
161802,2019-03-01 16:08:59.0,B,A,105.259,105.3515,0.044,21.6388,5,1,0
161807,2019-03-01 12:42:09.0,K,B,125.315,125.3152,0.013,7.1934,5,1,0
161808,2019-03-01 14:12:31.0,K,B,125.242,125.2417,1.0,7.1881,5,1,0
161817,2019-03-01 16:07:04.0,C,C,101.394,101.3548,0.126,9.5228,5,-1,0
161839,2019-04-01 15:13:55.0,C,B,102.921,102.9208,0.03,9.6229,5,-1,0
161842,2019-04-01 13:39:55.0,D,A,101.523,101.4675,1.2,14.215,6,-1,0
161843,2019-04-01 13:39:55.0,C,A,103.111,103.1005,8.5,9.6415,6,-1,0
161942,2019-07-01 09:15:36.0,B,A,131.713,131.708,3.877,28.4358,3,-1,0
161947,2019-07-01 09:41:44.0,D,A,114.545,114.5923,2.5,16.1452,5,1,0
161949,2019-07-01 11:02:20.0,E,D,102.506,102.481,10.844,4.1666,8,-1,1
161953,2019-07-01 07:37:15.0,F,A,121.768,121.6191,3.0,14.9291,6,-1,0
161956,2019-07-01 08:15:41.0,G,D,108.544,108.5778,0.033,7.655,9,1,0
161957,2019-07-01 08:34:01.0,F,A,121.701,121.6591,3.0,14.9356,6,-1,0
161964,2019-07-01 11:02:20.0,G,D,108.532,108.5097,8.312,7.6489,8,-1,0
161965,2019-07-01 14:24:27.0,I,B,115.531,115.5306,0.017,5.85,5,-1,1
161970,2019-07-01 15:28:55.0,C,C,110.779,110.7771,0.094,10.2296,5,-1,0
161974,2019-07-01 15:12:59.0,C,A,110.711,110.7105,0.158,10.2228,5,-1,1
162041,2019-08-01 15:15:23.0,F,A,123.78,123.7591,0.05,15.1489,6,-1,1
162052,2019-08-01 08:32:34.0,G,B,109.343,109.3012,0.2,7.6235,5,-1,0
162053,2019-08-01 12:21:00.0,A,B,110.723,110.7411,0.005,9.4349,5,1,0
162059,2019-08-01 15:22:00.0,D,B,116.901,116.8917,0.091,16.4381,5,-1,0
162064,2019-08-01 15:10:49.0,E,C,102.876,102.8444,0.039,4.0938,5,-1,0
162070,2019-08-01 14:57:56.0,D,B,116.962,116.9126,7.5,16.4394,5,-1,0
162126,2019-10-01 15:09:13.0,J,A,118.65,118.6081,0.138,11.7394,5,-1,0
162127,2019-10-01 15:09:24.0,F,A,125.722,125.767,0.04,15.2117,5,1,0
163442,2019-04-02 07:49:24.0,B,B,108.684,108.798,2.715,22.5043,5,1,0
163482,2019-05-02 11:08:04.0,B,A,112.39,112.2653,0.5,23.3724,5,-1,0
163483,2019-05-02 14:54:23.0,C,A,104.393,104.3926,0.195,9.6992,5,1,0
163484,2019-05-02 15:07:42.0,B,A,112.034,112.0253,0.105,23.3118,5,-1,0
163501,2019-05-02 14:04:47.0,I,B,114.075,114.0754,0.002,5.916,5,1,0
163585,2019-07-02 13:23:21.0,H,A,113.457,113.3556,11.5,7.3486,5,-1,0
163586,2019-07-02 13:26:39.0,B,A,133.691,133.8061,2.0,29.0003,5,1,0
163588,2019-07-02 12:41:57.0,K,B,128.944,128.9441,0.001,7.1197,5,-1,0
163589,2019-07-02 15:11:02.0,K,B,129.068,129.0682,0.024,7.1291,5,1,0
163590,2019-07-02 15:12:03.0,D,B,115.951,116.0138,0.015,16.3734,5,1,0
163593,2019-07-02 14:06:46.0,F,A,122.833,122.7622,4.5,15.0907,5,-1,0
163608,2019-07-02 11:01:50.0,B,A,133.546,133.6911,2.0,28.9641,6,1,0
163611,2019-07-02 13:29:21.0,G,D,109.19,109.1225,6.097,7.6967,19,-1,0
163654,2019-08-02 10:16:30.0,H,A,113.949,113.8996,1.0,7.3005,5,-1,1
163670,2019-08-02 07:19:08.0,E,C,102.908,102.8764,0.046,4.0919,5,-1,0
163672,2019-08-02 07:19:08.0,K,C,129.112,129.104,0.054,7.0376,5,-1,0
163673,2019-08-02 07:22:28.0,G,C,109.701,109.653,0.053,7.6498,5,-1,0
163674,2019-08-02 07:23:08.0,G,C,109.698,109.6501,0.053,7.6498,5,-1,0
163675,2019-08-02 07:23:08.0,A,C,111.182,111.1152,0.05,9.4689,5,-1,0
163687,2019-08-02 15:19:37.0,H,A,113.795,113.7465,0.2,7.2887,6,-1,0
163721,2019-09-02 09:42:34.0,D,A,120.051,119.8996,0.75,16.8493,5,-1,0
163722,2019-09-02 09:42:35.0,E,A,103.116,103.0759,4.25,4.022,5,-1,0
163728,2019-09-02 09:53:06.0,G,A,110.388,110.4172,7.0,7.6321,5,1,0
163748,2019-09-02 07:30:54.0,D,A,120.168,119.9996,0.75,16.8689,5,-1,0
163749,2019-09-02 07:36:33.0,F,A,126.709,126.5642,4.5,15.4748,4,-1,0
163750,2019-09-02 08:37:27.0,J,A,119.426,119.2449,6.3,11.936,4,-1,0
163751,2019-09-02 10:39:38.0,L,A,102.911,103.012,2.3,5.0435,5,1,0
168068,2019-04-03 11:00:25.0,D,A,101.346,101.3958,0.75,14.2022,5,1,0
168079,2019-04-03 11:05:51.0,F,A,109.785,109.8227,5.0,13.4519,5,1,0
168083,2019-04-03 15:18:36.0,K,C,126.033,126.0131,0.009,7.1608,5,-1,0
168084,2019-04-03 15:27:22.0,F,C,109.851,109.752,0.031,13.4385,5,-1,0
168144,2019-05-03 09:05:25.0,F,A,111.516,111.4663,0.75,13.6141,5,-1,0
168153,2019-05-03 11:43:42.0,K,B,126.658,126.6585,0.002,7.1205,5,-1,0
168157,2019-05-03 14:07:11.0,I,B,114.11,114.11,0.001,5.9155,5,1,0
168159,2019-05-03 14:15:21.0,G,B,105.404,105.4036,0.009,7.5436,5,-1,1
168160,2019-05-03 14:52:57.0,I,B,114.095,114.0954,0.683,5.9147,5,1,0
168162,2019-05-03 09:15:41.0,J,A,108.612,108.5586,11.4,10.999,5,-1,0
168163,2019-05-03 15:13:55.0,B,B,111.98,112.1203,0.037,23.3301,5,1,0
168169,2019-05-03 10:35:12.0,E,A,101.672,101.6759,11.0,4.2822,5,-1,1
168212,2019-06-03 13:28:41.0,D,A,108.018,108.0607,6.0,15.1507,5,1,0
168216,2019-06-03 15:13:26.0,G,A,107.125,107.1253,0.384,7.61,5,-1,1
168230,2019-06-03 09:38:30.0,D,A,108.389,108.4342,6.0,15.2155,6,1,0
168231,2019-06-03 09:38:30.0,C,A,107.37,107.3688,4.2,9.9426,6,1,0
168233,2019-06-03 14:36:01.0,C,D,107.165,107.1721,0.235,9.9201,14,1,0
168278,2019-07-03 08:30:55.0,G,A,109.84,109.8153,10.0,7.7515,5,-1,0
168279,2019-07-03 08:37:14.0,J,A,117.784,117.7762,7.5,11.9284,5,1,0
168281,2019-07-03 11:42:56.0,D,A,117.572,117.4519,1.75,16.6063,5,-1,0
168284,2019-07-03 13:03:15.0,C,A,111.88,111.9016,4.4,10.3451,4,1,0
168292,2019-07-03 11:25:03.0,K,B,129.619,129.6187,0.001,7.163,5,-1,0
168309,2019-07-03 14:06:46.0,C,A,111.909,111.9341,4.35,10.3483,6,1,0
168317,2019-07-03 07:33:00.0,C,A,111.823,111.8483,8.75,10.3395,5,1,1
168407,2019-09-03 11:13:23.0,G,A,110.398,110.3457,10.1,7.6234,5,-1,0
168416,2019-09-03 15:09:59.0,K,A,129.247,129.2348,0.046,6.9675,5,-1,0
168417,2019-09-03 15:10:03.0,B,A,143.532,143.489,0.025,31.4576,5,-1,0
168420,2019-09-03 10:13:02.0,K,B,129.338,129.3194,0.004,6.9735,10,-1,0
168422,2019-09-03 10:27:40.0,I,B,116.104,116.1225,3.0,5.7093,10,1,1
168425,2019-09-03 13:26:17.0,A,B,112.303,112.3325,0.013,9.5072,10,1,0
168426,2019-09-03 13:26:18.0,H,B,114.185,114.238,0.01,7.2441,10,1,0
168427,2019-09-03 14:00:43.0,E,B,102.981,102.999,0.003,4.0154,10,1,0
168433,2019-09-03 15:11:31.0,D,B,120.439,120.3887,0.053,16.9255,10,-1,0
168447,2019-09-03 14:44:28.0,G,A,110.325,110.391,46.0,7.6267,2,1,0
168448,2019-09-03 14:44:28.0,A,A,112.447,110.391,36.88,7.6267,2,-1,0
168491,2019-10-03 09:27:22.0,D,A,119.462,119.5233,2.5,16.6924,4,1,1
168495,2019-10-03 15:09:03.0,F,A,126.061,126.0203,0.03,15.2889,5,-1,1
170591,2019-02-04 16:08:50.0,A,A,101.378,101.3783,0.149,8.9615,5,-1,0
170593,2019-02-04 08:54:48.0,I,B,112.636,112.6419,0.15,6.0591,5,1,0
170607,2019-02-04 16:10:14.0,K,C,125.193,125.2219,0.096,7.2568,5,1,0
170635,2019-03-04 08:31:58.0,B,A,105.27,105.3829,1.5,21.6479,6,1,0
170637,2019-03-04 10:02:00.0,A,B,101.689,101.689,0.054,8.9249,5,1,0
170638,2019-03-04 10:02:13.0,K,B,125.205,125.2055,0.042,7.183,5,1,0
170639,2019-03-04 14:22:31.0,I,B,112.802,112.7966,0.022,5.9965,5,1,0
170641,2019-03-04 11:40:36.0,C,A,101.345,101.3579,3.65,9.5219,6,1,0
170644,2019-03-04 16:07:08.0,E,A,100.689,100.689,0.292,4.3989,5,-1,0
170708,2019-04-04 09:38:44.0,F,A,109.846,109.8793,1.0,13.452,5,1,0
170709,2019-04-04 10:58:12.0,F,A,110.001,110.0443,0.8,13.4741,5,1,0
170713,2019-04-04 15:00:18.0,B,B,109.455,109.3975,0.001,22.6564,5,-1,0
170720,2019-04-04 09:40:08.0,D,A,101.409,101.4591,3.0,14.2044,6,1,0
170727,2019-04-04 15:39:11.0,B,C,109.504,109.4125,0.008,22.6617,5,-1,0
170799,2019-06-04 15:10:14.0,C,C,107.555,107.538,0.178,9.9564,5,-1,1
170800,2019-06-04 15:26:43.0,K,D,127.905,127.9239,3.793,7.1269,5,1,0
170811,2019-06-04 08:16:49.0,E,D,102.107,102.129,0.017,4.2232,8,1,0
170814,2019-06-04 08:16:49.0,H,D,111.705,111.7337,0.007,7.2977,8,1,0
170818,2019-06-04 11:26:39.0,C,A,107.693,107.6881,7.5,9.9734,6,1,0
170870,2019-07-04 08:28:53.0,B,B,137.527,137.421,2.134,29.9578,5,-1,0
170875,2019-07-04 10:04:06.0,F,A,124.439,124.4992,0.75,15.3283,5,1,0
170889,2019-07-04 15:11:34.0,E,C,102.878,102.8935,0.588,4.1736,5,1,0
170893,2019-07-04 08:35:34.0,G,D,109.651,109.6326,2.245,7.7274,21,-1,0
170894,2019-07-04 11:42:35.0,E,A,102.978,102.9779,7.0,4.178,6,1,0
170897,2019-07-04 15:08:34.0,D,C,117.098,117.066,0.048,16.5341,5,-1,0
170985,2019-09-04 09:52:46.0,C,A,112.688,112.7187,8.0,10.2631,5,1,0
170986,2019-09-04 11:00:20.0,F,A,126.07,125.7776,1.8,15.3624,5,-1,0
170989,2019-09-04 13:26:44.0,D,B,118.748,118.7872,0.087,16.665,10,1,0
170990,2019-09-04 15:10:37.0,I,B,115.757,115.7832,0.021,5.6876,10,1,0
170999,2019-09-04 13:32:28.0,J,A,118.519,118.5391,6.8,11.8507,5,1,0
171006,2019-09-04 10:54:05.0,I,A,115.895,115.8527,3.2,5.6918,5,-1,0
171007,2019-09-04 12:26:36.0,I,A,115.874,115.7814,3.25,5.6876,5,-1,0
171010,2019-09-04 15:09:07.0,L,A,102.853,102.8357,0.292,5.0274,5,-1,0
171011,2019-09-04 15:10:23.0,F,A,125.729,125.684,0.1,15.3437,5,-1,0
171069,2019-10-04 15:05:58.0,D,A,119.753,119.7319,0.02,16.7419,5,-1,0
171070,2019-10-04 15:06:08.0,L,A,102.739,102.7229,0.02,4.9349,5,-1,0
171072,2019-10-04 15:07:01.0,F,A,126.171,126.1383,0.164,15.3265,5,-1,1
171074,2019-10-04 09:14:33.0,D,A,119.67,119.7586,4.0,16.7419,4,1,0
171077,2019-10-04 12:06:49.0,D,A,119.597,119.6699,4.0,16.7419,4,1,0
171251,2019-02-05 12:58:01.0,A,A,101.311,101.3108,1.0,8.9527,6,1,1
171252,2019-02-05 08:19:42.0,I,B,112.644,112.6382,0.055,6.0566,5,-1,0
171263,2019-02-05 09:46:56.0,A,A,101.37,101.3821,1.4,8.9595,5,1,0
182230,2019-03-05 09:21:37.0,A,A,101.974,101.9825,1.5,8.9526,5,1,0
182232,2019-03-05 08:26:59.0,J,A,105.627,105.5897,11.0,10.794,3,-1,1
182273,2019-04-05 15:18:26.0,J,A,107.53,107.5044,0.049,10.9412,5,-1,0
182274,2019-04-05 07:44:46.0,C,B,103.168,103.2306,5.05,9.641,5,1,0
182278,2019-04-05 07:42:49.0,H,B,109.131,109.164,2.85,7.2498,5,1,0
182280,2019-04-05 13:46:48.0,K,B,126.093,126.0935,0.003,7.156,5,1,0
182284,2019-04-05 10:37:01.0,C,D,103.136,103.1985,0.385,9.6375,10,1,0
182286,2019-04-05 10:48:35.0,E,D,101.252,101.232,0.099,4.3354,12,-1,0
182289,2019-04-05 11:11:33.0,I,D,113.47,113.4273,0.201,5.9472,10,-1,0
182385,2019-06-05 09:31:58.0,B,B,122.767,122.683,0.506,26.0775,5,-1,0
182386,2019-06-05 10:05:05.0,A,B,107.8,107.7996,0.001,9.301,5,1,0
182387,2019-06-05 13:21:20.0,L,B,101.535,101.5351,0.13,5.1999,5,1,0
182392,2019-06-05 09:41:41.0,G,A,107.474,107.5001,10.0,7.6372,5,1,0
182401,2019-06-05 09:40:17.0,D,A,109.53,109.5369,3.5,15.3891,6,1,0
182403,2019-06-05 10:48:44.0,C,A,107.695,107.6702,8.5,9.9707,6,-1,0
182406,2019-06-05 15:12:45.0,H,C,111.967,111.8975,0.04,7.3075,5,-1,0
182449,2019-07-05 11:38:43.0,G,A,109.133,109.1136,6.75,7.6823,5,-1,0
182451,2019-07-05 15:16:49.0,J,B,116.521,116.2277,0.015,11.7352,5,-1,0
182452,2019-07-05 15:17:29.0,J,B,116.348,116.2422,0.45,11.7359,5,-1,0
182470,2019-07-05 13:32:26.0,B,A,133.64,133.1291,6.5,28.8026,3,-1,0
182481,2019-07-05 15:14:52.0,B,A,133.383,133.413,0.295,28.8857,6,1,0
182484,2019-07-05 15:16:02.0,A,C,110.44,110.392,0.033,9.4694,5,-1,0
182487,2019-07-05 15:06:38.0,B,A,131.745,133.388,0.009,28.8763,5,1,0
182520,2019-08-05 15:08:49.0,F,A,124.621,124.661,0.037,15.2749,5,1,0
182527,2019-08-05 11:27:13.0,F,A,124.863,124.7567,4.0,15.2889,5,-1,0
182532,2019-08-05 11:23:55.0,J,A,117.928,117.9543,0.5,11.8607,6,1,0
182536,2019-08-05 10:05:35.0,L,A,102.577,102.6027,1.5,5.0966,5,1,0
182537,2019-08-05 15:06:56.0,B,A,138.495,138.5215,0.025,30.1917,5,1,0
182586,2019-09-05 08:50:04.0,G,A,110.103,109.9135,7.75,7.578,5,-1,0
182590,2019-09-05 09:42:58.0,H,B,113.852,113.8309,0.035,7.2022,10,-1,0
182595,2019-09-05 10:14:51.0,C,A,112.178,112.2804,5.0,10.2082,5,1,0
182596,2019-09-05 13:40:26.0,I,B,115.53,115.5418,0.02,5.6631,10,1,0
182605,2019-09-05 15:21:30.0,L,A,102.669,102.641,0.525,5.0076,6,-1,0
182607,2019-09-05 11:28:51.0,I,A,115.691,115.6525,1.5,5.6703,5,-1,0
182608,2019-09-05 14:27:32.0,B,A,137.835,137.731,0.1,29.9096,5,-1,0
182611,2019-09-05 10:11:51.0,L,A,102.761,102.7508,2.0,5.0138,5,-1,0
182612,2019-09-05 10:11:53.0,I,A,115.703,115.6791,1.75,5.6716,5,-1,0
182842,2019-02-06 15:15:45.0,B,A,105.522,105.5972,3.4,21.7429,5,1,0
182854,2019-02-06 15:31:29.0,I,B,112.641,112.6414,0.001,6.0543,5,1,0
182862,2019-02-06 08:39:44.0,B,A,105.708,105.6028,2.6,21.7483,6,-1,0
182864,2019-02-06 16:20:58.0,K,C,125.173,125.2036,0.788,7.2514,5,1,0
187059,2019-02-01 14:37:07.0,A,A,101.675,101.6899,8.0,8.9961,5,1,0
187065,2019-02-01 13:37:08.0,C,B,101.147,101.1471,0.2,9.5671,5,-1,0
187079,2019-02-01 16:20:06.0,H,C,107.867,107.8165,0.135,7.307,5,-1,0
187082,2019-02-01 16:11:49.0,A,A,101.613,101.6132,0.2,8.9878,5,-1,1
187137,2019-03-01 16:42:06.0,E,A,100.634,100.634,0.6,4.3987,5,-1,0
187155,2019-03-01 16:07:04.0,B,C,105.43,105.3665,0.098,21.64,5,-1,0
187180,2019-04-01 15:14:07.0,E,B,101.175,101.1753,0.012,4.3489,5,-1,0
188269,2019-03-06 14:43:53.0,J,B,106.277,106.2577,0.2,10.8701,5,-1,0
188271,2019-03-06 09:41:01.0,C,A,101.949,101.9516,9.0,9.5822,5,1,0
188273,2019-03-06 13:44:38.0,D,A,99.892,99.8854,2.75,14.0143,5,-1,0
188274,2019-03-06 15:54:47.0,C,C,102.18,102.1528,0.263,9.6022,5,-1,0
188352,2019-05-06 06:57:14.0,D,B,103.746,103.6764,3.0,14.501,5,-1,0
188422,2019-06-06 12:49:46.0,B,B,122.885,122.6142,20.56,26.0604,4,-1,0
188423,2019-06-06 15:08:01.0,B,A,122.998,122.9945,0.286,26.1538,5,-1,0
188431,2019-06-06 08:40:30.0,H,A,112.067,112.0719,12.0,7.314,5,1,0
188432,2019-06-06 07:39:35.0,I,D,115.124,115.1413,0.059,5.8863,3,1,0
188436,2019-06-06 15:17:11.0,D,B,109.848,109.7846,0.205,15.4196,5,-1,0
188437,2019-06-06 15:17:13.0,F,B,117.6,117.5572,0.074,14.4057,5,-1,0
188441,2019-06-06 09:41:33.0,J,A,113.136,113.1349,0.063,11.4496,6,1,0
188446,2019-06-06 11:10:45.0,B,B,123.126,123.1172,1.12,26.1901,5,-1,0
188447,2019-06-06 14:43:55.0,B,B,123.113,108.0266,2.0,9.9986,5,-1,0
188529,2019-08-06 15:09:59.0,A,A,111.54,111.5402,0.318,9.5042,5,-1,1
188535,2019-08-06 12:32:35.0,A,A,111.362,111.4848,33.489,9.4987,2,1,0
188536,2019-08-06 07:25:41.0,C,A,112.126,112.1907,2.25,10.2843,5,1,0
188537,2019-08-06 14:43:46.0,E,B,102.845,102.867,5.0,4.0863,5,1,0
188559,2019-08-06 15:09:29.0,H,C,113.852,113.8005,0.008,7.2868,5,-1,0
188560,2019-08-06 08:33:44.0,D,A,118.156,118.1115,1.0,16.6271,5,-1,0
188612,2019-09-06 15:09:57.0,G,A,109.96,109.9213,0.236,7.5752,5,-1,0
188613,2019-09-06 15:10:20.0,B,A,140.245,140.141,0.005,30.5533,5,-1,0
188614,2019-09-06 15:10:53.0,A,A,111.758,111.7884,0.154,9.4403,5,1,0
188626,2019-09-06 11:34:13.0,B,A,138.578,138.7005,3.0,30.1718,2,1,0
188840,2019-02-07 16:07:31.0,A,B,101.451,101.4507,0.045,8.9573,5,-1,0
189660,2019-04-01 09:55:59.0,D,A,101.537,101.4874,2.0,14.219,6,-1,0
189662,2019-04-01 10:42:45.0,F,A,109.864,109.9022,1.5,13.4656,6,1,0
189663,2019-04-01 12:30:31.0,C,A,103.049,103.0418,8.5,9.6364,6,-1,0
189667,2019-04-01 15:15:57.0,A,C,103.284,103.2483,0.05,9.0128,5,-1,0
189668,2019-04-01 15:19:08.0,B,C,108.833,108.8015,0.013,22.5053,5,-1,0
189751,2019-07-01 13:30:57.0,B,A,131.893,131.843,5.0,28.4706,2,-1,0
189753,2019-07-01 07:35:04.0,B,A,131.854,131.8036,0.75,28.4652,5,-1,0
189754,2019-07-01 11:02:20.0,H,D,112.785,112.7776,19.695,7.3064,8,1,1
189761,2019-07-01 08:15:41.0,C,D,110.272,110.2824,0.179,10.1776,9,1,0
189762,2019-07-01 08:34:01.0,D,A,114.626,114.6471,2.75,16.155,6,1,0
189765,2019-07-01 14:13:42.0,C,B,110.438,110.4377,0.001,10.194,5,-1,1
189768,2019-07-01 11:02:20.0,C,D,110.179,110.1924,8.056,10.1685,8,1,0
189772,2019-07-01 15:27:00.0,H,C,113.26,113.1905,0.095,7.3381,5,-1,0
189774,2019-07-01 15:52:02.0,F,A,122.179,122.1842,0.3,15.0106,6,1,0
189779,2019-07-01 15:13:02.0,L,A,102.395,102.3951,0.47,5.1808,5,-1,0
189835,2019-08-01 10:38:12.0,E,A,102.749,102.771,2.0,4.0899,5,1,0
189841,2019-08-01 09:39:49.0,A,B,110.701,110.659,0.16,9.4263,5,-1,0
189842,2019-08-01 12:20:52.0,K,B,128.848,128.8931,0.004,7.0278,5,1,0
189843,2019-08-01 12:36:10.0,A,B,110.747,110.7052,0.013,9.4314,5,-1,0
189856,2019-08-01 15:10:49.0,H,C,113.707,113.629,0.105,7.2835,5,-1,0
189858,2019-08-01 07:23:42.0,L,A,102.516,102.5442,1.3,5.0987,5,1,1
189859,2019-08-01 07:23:43.0,D,A,116.284,116.2573,1.0,16.3357,5,-1,0
189862,2019-08-01 15:12:11.0,F,A,123.766,123.7394,0.05,15.1442,5,-1,0
189941,2019-10-01 15:07:55.0,I,C,115.601,115.5449,0.054,5.5898,5,-1,0
190169,2019-04-02 08:43:25.0,K,B,125.959,125.9588,0.003,7.1597,5,-1,0
190172,2019-04-02 13:22:06.0,H,B,109.202,109.1632,2.5,7.263,5,-1,0
190222,2019-05-02 15:09:44.0,I,A,114.015,114.015,0.265,5.9128,5,-1,0
190228,2019-05-02 12:30:48.0,B,A,112.565,112.4403,0.5,23.4199,5,-1,0
190238,2019-05-02 15:34:59.0,C,B,104.3,104.2999,0.037,9.6894,5,-1,1
192943,2019-03-07 16:11:38.0,C,A,102.782,102.8117,0.021,9.6648,5,1,0
192944,2019-03-07 16:22:24.0,A,A,103.138,103.1739,2.218,9.0623,5,1,1
192945,2019-03-07 08:41:09.0,D,A,100.196,100.1177,6.25,14.0424,5,-1,0
192947,2019-03-07 16:17:19.0,C,A,102.835,102.8644,1.325,9.6717,5,1,0
192952,2019-03-07 14:49:35.0,A,B,103.076,103.0705,0.007,9.0524,5,1,0
192955,2019-03-07 16:09:02.0,J,B,106.953,107.0121,0.016,10.9531,5,1,0
192956,2019-03-07 16:09:50.0,J,B,107.004,107.0037,0.016,10.9517,5,1,0
192965,2019-03-07 16:33:07.0,E,D,101.151,101.1505,2.286,4.4101,5,-1,1
193038,2019-05-07 13:30:17.0,C,A,104.683,104.6667,7.0,9.7222,6,-1,0
193043,2019-05-07 14:32:16.0,D,A,103.608,103.6636,0.75,14.4971,5,1,0
193105,2019-06-07 12:42:30.0,B,B,125.275,125.2076,3.0,26.7397,5,-1,0
193115,2019-06-07 15:14:55.0,F,B,118.808,118.8283,0.006,14.5865,5,1,0
193201,2019-08-07 08:28:36.0,C,A,112.759,112.8149,14.537,10.3461,3,1,1
193207,2019-08-07 07:46:40.0,B,A,140.58,140.794,1.0,23.2521,5,1,0
193227,2019-08-07 09:11:31.0,F,A,126.241,126.2565,1.5,15.4998,5,-1,1
193233,2019-08-07 15:10:22.0,K,C,129.433,129.382,0.28,7.0516,5,-1,0
193320,2019-10-07 10:56:50.0,H,A,113.81,113.8306,3.3,7.12,4,1,0
193321,2019-10-07 08:02:10.0,I,D,115.558,115.5814,0.09,5.5808,3,1,0
193325,2019-10-07 15:11:24.0,B,A,141.816,141.8159,0.011,31.1414,5,-1,0
193507,2019-02-08 12:50:40.0,A,A,101.576,101.5815,1.0,8.9676,5,1,0
193511,2019-02-08 14:00:59.0,A,B,101.441,101.4043,1.25,8.9496,5,-1,0
195241,2019-03-08 16:10:37.0,H,A,108.906,108.884,1.473,7.3012,5,-1,0
195243,2019-03-08 16:11:58.0,K,A,126.052,126.0515,0.05,7.2271,5,-1,0
195244,2019-03-08 08:39:54.0,C,A,102.69,102.7074,6.0,9.6535,5,1,0
195245,2019-03-08 09:25:17.0,C,A,102.721,102.7481,5.5,9.6573,5,1,1
195246,2019-03-08 11:09:36.0,C,A,102.627,102.6367,5.7,9.6453,5,1,1
195247,2019-03-08 14:22:58.0,D,A,101.046,101.0136,4.5,14.1863,5,-1,0
195253,2019-03-08 09:28:50.0,E,A,101.059,101.0439,5.0,4.4021,6,-1,0
195289,2019-04-08 15:34:20.0,E,D,101.273,101.2775,3.06,4.3354,11,-1,1
195290,2019-04-08 08:55:19.0,B,B,109.816,109.888,0.2,22.7828,5,1,0
195335,2019-05-08 08:05:51.0,D,A,103.756,103.8115,1.0,14.5209,6,1,0
195423,2019-07-08 12:33:30.0,E,A,102.602,102.6089,10.8,4.1538,5,1,0
195424,2019-07-08 12:43:28.0,B,A,132.733,132.5426,1.5,28.648,5,-1,0
195440,2019-07-08 13:31:35.0,C,D,110.484,110.476,0.306,10.1769,15,-1,0
195441,2019-07-08 14:08:30.0,J,A,115.596,115.6238,0.22,11.6631,6,1,0
195444,2019-07-08 13:22:19.0,D,A,114.704,114.5557,4.511,16.117,3,-1,0
195446,2019-07-08 15:11:38.0,D,A,114.51,114.189,5.0,16.0676,3,-1,0
195448,2019-07-08 09:05:27.0,K,B,128.768,128.768,0.002,7.0909,5,-1,0
195450,2019-07-08 09:14:53.0,A,B,110.203,110.2033,0.018,9.4512,5,1,0
195451,2019-07-08 15:05:36.0,I,B,115.382,115.382,0.011,5.8221,5,1,0
195481,2019-08-08 08:02:18.0,F,A,125.663,125.6882,1.5,15.4083,6,1,0
195484,2019-08-08 09:02:11.0,C,A,112.597,112.6068,3.3,10.3172,5,1,0
195499,2019-08-08 15:33:51.0,A,C,111.558,111.5809,0.846,9.4969,5,1,0
195501,2019-08-08 11:33:54.0,C,A,112.32,112.3432,3.2,10.2896,5,1,0
195502,2019-08-08 11:34:26.0,J,A,118.283,118.3046,2.7,11.8876,5,1,0
195507,2019-08-08 14:23:01.0,I,A,115.812,115.8332,1.75,5.7589,5,1,0
195513,2019-08-08 15:05:29.0,E,A,102.87,102.85,0.039,4.0742,5,-1,0
195514,2019-08-08 15:06:39.0,D,A,118.511,118.4769,0.11,16.6772,5,-1,0
195571,2019-10-08 09:55:13.0,C,D,112.875,112.8547,0.026,10.1967,9,-1,0
195576,2019-10-08 08:18:18.0,L,A,102.68,102.6649,1.75,4.9315,4,-1,0
195577,2019-10-08 08:18:49.0,E,A,102.729,102.6817,15.75,4.0,4,-1,0
197219,2019-04-09 13:27:07.0,K,B,126.221,126.2211,0.01,7.1595,5,1,0
197221,2019-04-09 14:08:21.0,G,B,104.607,104.6073,0.001,7.5447,5,1,0
197222,2019-04-09 15:19:26.0,H,B,109.366,109.3664,0.015,7.2611,5,-1,0
197224,2019-04-09 15:20:50.0,E,B,101.32,101.3199,0.025,4.3347,5,-1,0
197230,2019-04-09 14:53:01.0,H,D,109.399,109.3504,0.917,7.2591,12,-1,0
197231,2019-04-09 14:53:01.0,I,D,113.65,113.6048,0.872,5.9526,12,-1,0
197287,2019-05-09 12:45:43.0,C,B,104.458,104.419,2.55,9.6849,5,-1,0
197289,2019-05-09 14:16:28.0,B,A,111.8,111.7685,1.045,23.2303,5,-1,0
197372,2019-07-09 09:16:40.0,C,A,110.531,110.5388,5.9,10.1843,5,1,1
197373,2019-07-09 10:26:07.0,J,A,115.476,115.6437,5.25,11.6628,5,1,0
197377,2019-07-09 07:15:24.0,C,D,110.151,110.1766,0.062,10.1439,3,1,0
197379,2019-07-09 08:47:13.0,L,B,102.195,102.1953,0.004,5.1467,5,-1,0
197380,2019-07-09 15:07:50.0,B,B,131.838,131.8828,0.017,28.4965,5,1,0
197416,2019-08-09 10:56:33.0,D,D,117.868,117.9234,0.218,16.5871,10,1,1
197417,2019-08-09 10:56:33.0,I,D,115.762,115.7841,0.299,5.7526,10,1,1
197419,2019-08-09 07:39:59.0,D,A,118.508,118.3871,1.0,16.6577,5,-1,1
197428,2019-08-09 08:26:43.0,G,D,109.569,109.6057,0.022,7.6265,10,1,0
197431,2019-08-09 10:56:33.0,D,D,117.867,117.9171,0.121,16.5871,10,1,0
197432,2019-08-09 10:56:33.0,H,D,113.67,113.6962,0.158,7.2664,10,1,0
197434,2019-08-09 10:56:33.0,G,D,109.559,109.5961,0.089,7.6265,10,1,0
197437,2019-08-09 15:02:58.0,C,A,111.905,111.9308,0.316,10.243,5,1,1
197476,2019-09-09 10:36:45.0,B,A,138.38,138.9851,2.5,30.2458,4,1,0
197477,2019-09-09 12:28:26.0,C,A,112.399,112.4489,2.66,10.2199,3,1,0
197489,2019-09-09 09:43:13.0,E,A,102.807,102.8574,27.5,3.9919,4,1,0
197527,2019-10-09 07:43:15.0,G,A,109.771,109.7897,3.0,7.4952,4,1,1
197528,2019-10-09 07:44:13.0,B,A,141.35,141.2423,0.25,31.1414,4,-1,0
197529,2019-10-09 07:44:58.0,E,A,102.715,102.6748,15.0,4.0,4,-1,0
197530,2019-10-09 11:08:51.0,G,A,109.741,109.7623,3.0,7.4952,4,1,1
197547,2019-10-09 10:02:05.0,G,A,109.704,109.719,3.0,7.4952,4,1,0
199597,2019-07-02 15:10:57.0,D,A,116.044,116.0256,0.038,16.3751,5,-1,0
199598,2019-07-02 15:11:05.0,J,A,116.646,116.6446,1.67,11.7972,5,1,1
199599,2019-07-02 15:12:30.0,J,A,116.633,116.6412,0.625,11.7967,5,1,1
199608,2019-07-02 15:13:55.0,D,B,115.945,116.0078,0.015,16.3723,5,1,0
199609,2019-07-02 15:17:25.0,J,B,116.647,116.6501,0.107,11.798,5,1,0
199610,2019-07-02 15:18:34.0,J,B,116.655,116.6551,0.107,11.799,5,1,0
199613,2019-07-02 14:05:36.0,C,A,111.103,111.0994,5.5,10.2627,4,1,0
199614,2019-07-02 14:48:08.0,F,A,123.004,122.9477,4.25,15.1172,5,-1,1
199621,2019-07-02 14:03:56.0,E,D,102.821,102.796,7.355,4.1798,8,-1,0
199630,2019-07-02 09:27:15.0,C,A,110.95,110.968,10.75,10.248,3,1,1
199676,2019-08-02 15:14:20.0,L,A,102.647,102.6353,1.245,5.1014,5,-1,0
199685,2019-08-02 10:22:37.0,J,A,117.687,117.9302,3.35,11.8601,5,1,0
199692,2019-08-02 15:19:37.0,D,A,117.717,117.6724,0.978,16.5619,6,-1,0
199693,2019-08-02 08:12:10.0,D,A,117.076,117.0669,1.0,16.4641,5,-1,1
199695,2019-08-02 09:05:26.0,F,A,124.07,124.1063,1.0,15.1979,5,1,0
199696,2019-08-02 09:09:15.0,F,A,124.064,124.0998,1.0,15.1969,5,1,0
199735,2019-09-02 14:07:57.0,G,B,110.323,110.346,0.9,7.626,10,1,0
199736,2019-09-02 09:43:53.0,I,A,116.156,116.1727,2.0,5.7157,6,1,0
199741,2019-09-02 08:37:45.0,F,A,126.569,126.4192,4.5,15.4542,4,-1,0
199742,2019-09-02 10:42:22.0,H,A,114.289,114.3247,7.45,7.254,5,1,0
199743,2019-09-02 10:43:20.0,G,A,110.256,110.3324,7.1,7.6253,5,1,0
200039,2019-04-03 09:59:41.0,C,A,103.007,102.9746,8.0,9.6255,6,-1,0
200041,2019-04-03 15:18:36.0,G,C,104.313,104.2905,0.009,7.5335,5,-1,0
200045,2019-04-03 15:27:22.0,C,C,103.031,102.983,0.075,9.6247,5,-1,0
200123,2019-05-03 15:06:43.0,B,A,112.015,112.1453,0.094,23.3393,5,1,0
200126,2019-05-03 08:22:57.0,K,B,126.629,126.6291,1.0,7.1189,5,-1,0
200133,2019-05-03 14:15:25.0,A,B,104.787,104.7866,0.006,9.0814,5,-1,1
200140,2019-05-03 10:30:26.0,F,A,111.581,111.5313,0.75,13.6234,6,-1,0
200191,2019-06-03 11:37:01.0,K,B,127.746,127.7461,0.014,7.1172,5,1,1
200192,2019-06-03 11:37:02.0,K,B,127.746,127.7461,0.005,7.1172,5,-1,0
200193,2019-06-03 11:37:06.0,A,B,107.115,107.1154,0.014,9.2384,5,-1,0
200196,2019-06-03 08:01:17.0,C,A,107.092,107.1007,4.3,9.9137,6,1,0
200197,2019-06-03 13:27:12.0,C,A,107.145,107.1505,4.2,9.9183,6,1,0
200199,2019-06-03 14:44:52.0,G,A,107.073,107.0898,20.0,7.6074,3,1,0
201585,2019-01-25 10:14:02.0,F,F,107.783,107.709,1.0,13.2862,7,-1,0
201603,2019-04-10 13:54:42.0,A,B,104.202,104.2019,0.002,9.0859,5,1,0
201605,2019-04-10 15:16:02.0,C,B,103.907,103.912,0.6,9.706,5,-1,0
201608,2019-04-10 15:15:52.0,D,C,102.734,102.6691,0.033,14.3924,5,-1,0
201651,2019-05-10 09:08:50.0,C,D,104.483,104.4939,0.004,9.6905,17,1,0
201652,2019-05-10 09:08:50.0,C,D,104.553,104.4939,0.059,9.6905,17,-1,0
201653,2019-05-10 07:26:32.0,D,A,103.384,103.3396,1.0,14.4342,5,-1,0
201655,2019-05-10 08:32:27.0,A,A,104.792,104.7505,2.5,9.06,5,-1,0
201695,2019-06-10 09:32:23.0,C,A,108.158,108.1579,1.0,10.0074,6,1,0
201696,2019-06-10 09:32:23.0,F,A,118.073,117.9722,1.5,14.4595,6,-1,0
201698,2019-06-10 10:12:55.0,B,A,123.555,123.5732,1.25,26.3091,6,-1,0
201699,2019-06-10 10:12:55.0,F,A,117.89,117.7552,1.5,14.4292,6,-1,0
201700,2019-06-10 11:10:43.0,B,A,123.629,123.6033,1.25,26.3158,6,-1,0
201764,2019-07-10 10:04:49.0,C,B,109.993,109.9925,0.011,10.1235,5,-1,1
201767,2019-07-10 15:10:11.0,C,C,110.329,110.3004,0.13,10.1553,5,-1,0
201770,2019-07-10 10:38:17.0,G,A,108.426,108.4122,1.5,7.6182,5,-1,0
201772,2019-07-10 08:28:44.0,C,A,110.205,110.23,2.25,10.1496,5,1,0
201774,2019-07-10 12:50:36.0,B,A,130.7,130.9486,7.4,28.195,2,-1,1
201889,2019-10-10 13:13:06.0,D,A,118.447,118.6981,3.5,16.7509,4,1,0
201890,2019-10-10 14:26:15.0,J,A,117.879,117.8443,1.25,11.7364,4,-1,0
202118,2019-03-11 11:59:13.0,D,A,100.847,100.8403,3.0,14.1569,5,-1,0
202121,2019-03-11 13:32:23.0,K,B,126.004,126.0044,0.005,7.2212,5,-1,0
202129,2019-03-11 16:15:04.0,J,C,106.919,106.963,1.135,10.943,5,1,0
202133,2019-03-11 15:00:17.0,F,A,109.464,109.5228,0.15,13.459,5,1,0
203926,2019-01-30 16:04:21.0,J,F,104.75,104.8442,0.396,10.7835,5,1,0
204101,2019-02-06 16:25:07.0,E,F,100.568,100.533,0.238,4.4609,4,-1,0
204503,2019-04-11 12:49:52.0,K,B,126.805,126.8054,0.015,7.1899,5,-1,0
204504,2019-04-11 14:25:08.0,I,B,114.086,114.0862,0.017,5.9731,5,1,0
204505,2019-04-11 15:23:04.0,C,B,104.25,104.2595,1.1,9.7365,5,-1,1
204506,2019-04-11 08:00:22.0,D,A,102.612,102.6775,4.0,14.3852,6,1,0
204509,2019-04-11 09:17:17.0,C,A,104.13,104.1145,6.7,9.7214,6,-1,0
204605,2019-06-11 13:29:22.0,C,A,108.55,102.0228,16.8,2.9417,3,-1,0
204606,2019-06-11 14:57:55.0,L,A,101.588,101.5912,3.91,5.187,5,-1,0
204607,2019-06-11 15:10:32.0,C,A,108.414,108.4139,0.093,10.032,5,-1,0
204613,2019-06-11 13:56:58.0,E,A,102.128,102.1234,10.5,4.2036,5,-1,0
204619,2019-06-11 11:48:26.0,J,A,113.482,113.4472,0.5,11.4787,6,-1,0
204620,2019-06-11 12:45:36.0,D,A,110.674,110.7061,0.75,15.5629,6,1,0
204621,2019-06-11 13:51:26.0,D,A,110.696,110.7339,0.75,15.5666,6,1,0
204622,2019-06-11 14:31:37.0,F,A,118.412,118.3562,2.0,14.5156,6,-1,0
204674,2019-07-11 15:10:27.0,E,A,102.326,102.326,0.576,4.1256,5,-1,1
204679,2019-07-11 09:51:28.0,J,A,115.854,115.6556,2.7,11.6546,5,-1,0
204687,2019-07-11 09:21:56.0,I,D,115.54,115.5141,0.05,5.8161,11,-1,0
204689,2019-07-11 15:17:16.0,K,A,128.211,128.2113,0.3,7.04,6,-1,0
204783,2019-09-11 10:56:51.0,E,A,102.79,102.7982,26.9,3.9837,4,1,0
204791,2019-09-11 11:38:33.0,F,A,124.129,124.0531,3.0,15.0983,4,-1,0
204833,2019-10-11 15:05:34.0,H,A,113.169,113.1446,0.12,7.12,5,-1,0
205018,2019-02-12 11:44:55.0,A,A,101.537,101.5367,0.95,8.9586,6,-1,1
205021,2019-02-12 10:50:58.0,C,A,101.089,101.0599,1.5,9.5364,5,-1,0
205073,2019-03-12 10:19:18.0,B,A,108.235,108.2504,3.0,22.3915,6,1,0
205109,2019-04-12 14:48:43.0,I,B,113.89,113.8897,0.013,5.9579,5,1,0
205752,2019-02-11 08:33:51.0,J,F,105.073,105.0163,0.1,10.7758,5,-1,0
205773,2019-02-11 15:52:19.0,G,F,102.806,102.8543,0.2,7.5424,5,1,0
205870,2019-02-14 16:13:36.0,A,F,101.467,101.4711,3.0,8.9418,5,1,0
205909,2019-02-18 13:06:51.0,C,G,101.067,101.0903,10.35,9.5256,3,1,0
206425,2019-02-19 09:33:16.0,C,G,101.167,101.1706,10.15,9.5319,4,1,0
206470,2019-02-20 15:40:42.0,B,F,105.979,105.982,0.01,21.819,5,-1,0
206519,2019-02-22 16:23:57.0,A,F,102.113,102.0126,0.001,8.9771,4,-1,0
206523,2019-02-25 09:40:31.0,I,F,112.9,112.928,2.0,6.0231,5,1,0
206556,2019-02-26 10:20:03.0,C,G,101.905,101.9139,8.25,9.5961,5,1,0
206580,2019-02-26 15:46:33.0,A,F,102.245,102.3173,3.5,9.003,6,1,0
206620,2019-02-27 15:10:25.0,F,F,108.168,108.168,0.1,13.2865,7,-1,0
206944,2019-01-28 09:41:00.0,B,G,106.104,106.2005,1.0,21.9069,5,1,0
206965,2019-01-28 16:11:35.0,H,F,107.945,107.919,0.14,7.3306,5,-1,0
207055,2019-03-04 16:44:41.0,I,F,112.904,112.8592,0.6,6.0002,4,-1,0
207090,2019-03-06 08:56:06.0,B,G,106.688,106.7975,5.45,22.0149,5,1,1
207159,2019-01-29 16:15:00.0,F,F,107.517,107.457,0.4,13.2455,7,-1,0
207160,2019-01-29 16:18:18.0,F,F,107.507,107.447,0.004,13.2441,6,-1,0
207194,2019-01-30 16:02:55.0,F,F,107.272,107.192,1.922,13.2051,5,-1,0
207195,2019-01-30 16:21:20.0,K,F,125.215,125.2547,0.744,7.2725,5,1,1
207199,2019-01-30 16:30:40.0,A,F,101.382,101.3389,0.005,8.9696,5,-1,0
207234,2019-01-31 16:20:32.0,J,F,105.593,105.4653,1.015,10.8504,5,-1,0
207335,2019-03-07 16:12:22.0,B,F,108.299,108.2545,0.005,22.3958,5,-1,0
207450,2019-03-13 09:53:25.0,B,G,107.953,107.9915,7.55,22.3236,5,1,0
207540,2019-03-15 16:13:54.0,H,F,108.64,108.6489,0.009,7.2641,5,1,0
207553,2019-03-18 11:09:35.0,A,F,103.01,103.0471,1.3,9.0274,5,1,0
207834,2019-02-07 15:42:43.0,G,F,102.903,102.855,0.8,7.5475,5,-1,0
207837,2019-02-07 16:14:53.0,A,G,101.49,101.471,0.6,8.9588,5,-1,0
207898,2019-03-26 15:11:25.0,H,F,109.274,109.1182,0.07,7.2778,5,-1,0
207900,2019-03-26 15:37:17.0,J,F,107.776,107.5643,0.001,10.9773,5,-1,0
207933,2019-03-27 16:19:47.0,A,F,104.065,104.0967,0.246,9.1105,5,1,0
208624,2019-02-13 12:23:48.0,K,F,125.17,125.2102,0.14,7.2329,5,1,0
208835,2019-04-01 15:38:36.0,D,F,101.311,101.2309,0.63,14.1764,5,-1,0
208836,2019-04-01 15:38:57.0,F,F,109.771,109.672,0.305,13.4314,5,-1,0
208903,2019-04-03 13:38:54.0,E,G,101.191,101.1912,1.5,4.3443,5,1,0
208963,2019-02-21 15:32:33.0,E,F,100.739,100.697,2.0,4.4238,6,-1,0
208982,2019-02-22 13:42:27.0,C,G,101.575,101.5622,8.05,9.5629,4,1,1
209024,2019-02-25 16:26:04.0,H,F,108.313,108.2707,0.18,7.2864,5,-1,0
209065,2019-02-26 16:14:44.0,F,F,108.29,108.379,0.1,13.3198,4,1,0
209194,2019-04-05 15:38:14.0,F,F,110.269,110.195,0.035,13.4932,5,-1,0
209214,2019-04-08 14:20:12.0,D,G,102.083,102.0707,3.7,14.2986,3,1,1
209290,2019-03-04 11:18:25.0,C,G,101.322,101.3498,9.45,9.5199,5,1,0
209333,2019-03-05 10:19:24.0,A,F,102.096,102.1162,1.5,8.9656,4,1,0
209336,2019-03-05 10:40:12.0,C,G,101.729,101.7473,9.45,9.5603,5,1,0
209400,2019-03-07 08:14:18.0,D,F,100.167,100.1162,0.2,14.039,5,-1,0
209402,2019-03-07 08:42:01.0,D,F,100.164,100.1239,1.0,14.0416,4,-1,0
209527,2019-04-12 08:22:12.0,L,G,100.553,100.5225,10.0,5.2788,5,-1,1
209555,2019-03-08 14:40:59.0,E,F,101.057,101.0205,0.97,4.4004,5,-1,0
209590,2019-03-11 14:33:42.0,C,G,102.914,102.9343,3.8,9.6744,5,1,0
209608,2019-03-12 10:26:37.0,F,F,109.406,109.375,1.0,13.4323,5,-1,0
209672,2019-03-13 16:40:35.0,B,F,107.693,107.578,0.005,22.2108,5,-1,0
209674,2019-03-13 16:42:22.0,A,F,102.858,102.8105,0.022,9.0158,5,-1,0
209739,2019-03-15 16:14:51.0,A,F,102.84,102.7926,0.003,9.0042,5,-1,0
209744,2019-03-18 11:10:06.0,B,F,107.732,107.592,1.0,22.2076,5,-1,0
209789,2019-03-19 13:51:15.0,D,F,100.572,100.5434,0.9,14.0907,5,-1,0
210576,2019-03-19 15:41:15.0,C,G,102.643,102.6355,0.2,9.623,5,-1,0
210632,2019-03-21 14:15:03.0,B,F,108.35,108.476,2.0,22.4335,5,1,1
210646,2019-03-21 16:19:26.0,F,F,110.123,110.08,0.527,13.5097,5,-1,0
210647,2019-03-21 16:20:37.0,F,F,110.008,110.085,0.517,13.5104,4,1,0
210705,2019-03-25 15:15:39.0,C,G,103.253,103.3222,6.15,9.6823,5,1,0
210892,2019-04-15 12:56:00.0,L,F,100.169,100.1514,0.6,5.2525,5,-1,0
210903,2019-04-15 15:18:35.0,B,F,110.042,110.1675,0.1,22.8465,5,1,0
210954,2019-04-18 10:32:26.0,D,G,102.062,102.1123,2.8,14.2758,5,1,1
211009,2019-04-24 15:32:54.0,H,F,109.479,109.4092,0.003,7.2245,5,-1,0
211030,2019-03-26 09:58:22.0,D,G,101.56,101.5167,5.0,14.2358,5,-1,0
211045,2019-03-26 13:50:31.0,D,F,101.949,101.7636,1.5,14.2802,5,-1,0
211051,2019-03-26 15:12:14.0,D,F,101.949,101.7689,1.0,14.2759,5,-1,0
211057,2019-03-26 16:13:52.0,F,F,110.479,110.373,0.026,13.5459,5,-1,0
211060,2019-03-27 08:11:59.0,D,G,102.511,102.4411,1.0,14.3849,5,-1,0
211096,2019-03-27 16:18:32.0,H,F,109.578,109.519,0.1,7.3068,5,-1,0
211098,2019-03-27 16:20:35.0,D,F,102.617,102.5566,0.5,14.402,5,-1,0
211101,2019-03-28 08:44:58.0,C,G,103.615,103.6486,4.0,9.7051,4,1,0
211593,2019-03-29 16:31:36.0,C,G,103.364,103.4072,5.0,9.6762,5,1,0
211604,2019-04-01 10:12:38.0,E,F,101.192,101.224,2.0,4.3514,5,1,0
211679,2019-04-03 14:00:11.0,H,G,109.027,109.0268,2.4,7.2495,5,-1,0
211702,2019-04-12 15:15:17.0,C,B,103.812,103.8174,1.0,9.6861,5,-1,0
211712,2019-04-12 10:21:50.0,E,A,101.577,101.5933,17.0,4.3354,5,1,1
211794,2019-06-12 15:12:21.0,E,B,102.051,102.051,0.034,4.197,5,-1,0
211795,2019-06-12 15:12:22.0,D,B,110.511,110.4729,0.01,15.521,5,-1,0
211801,2019-06-12 09:17:47.0,B,A,124.381,124.3082,0.5,26.5057,6,-1,0
211803,2019-06-12 10:30:40.0,J,A,113.28,113.2555,1.0,11.4554,6,-1,0
211807,2019-06-12 15:34:03.0,B,A,124.445,124.368,0.65,26.5187,6,-1,0
211808,2019-06-12 15:42:49.0,B,A,124.43,124.378,0.028,26.512,6,-1,0
211841,2019-07-12 08:55:01.0,F,A,119.411,119.279,7.5,14.5591,2,-1,0
211849,2019-07-12 11:48:23.0,B,A,127.1,126.829,3.41,27.111,2,-1,0
211895,2019-08-12 08:45:59.0,C,A,112.088,112.0969,5.7,10.2585,5,1,0
211896,2019-08-12 08:48:08.0,E,A,102.854,102.8129,1.7,4.0669,5,-1,0
211897,2019-08-12 09:57:02.0,C,A,111.994,112.0435,5.7,10.2529,5,1,1
211903,2019-08-12 10:09:14.0,G,A,109.484,109.4802,15.95,7.6129,1,-1,1
211909,2019-08-12 15:14:35.0,G,C,109.536,109.5717,1.005,7.6209,5,1,0
211962,2019-09-12 12:01:59.0,E,B,103.045,103.058,4.5,3.9876,5,1,0
211978,2019-09-12 07:56:54.0,L,A,102.596,102.6492,9.2,4.9889,4,1,0
211980,2019-09-12 14:58:55.0,D,C,118.398,118.1503,0.728,16.5416,5,-1,0
211981,2019-09-12 15:02:56.0,F,C,124.726,124.766,1.537,15.1877,5,1,0
211983,2019-09-12 15:15:09.0,C,C,112.044,112.1148,0.74,10.1717,5,1,0
211984,2019-09-12 15:15:09.0,K,C,127.97,128.1419,0.645,6.8655,5,1,0
212158,2019-02-13 14:58:01.0,C,A,100.795,100.7953,0.53,9.5072,5,1,1
212161,2019-02-13 10:46:11.0,K,D,125.221,125.1977,3.0,7.232,6,-1,0
212168,2019-02-13 07:51:23.0,I,B,112.576,112.5761,0.319,6.0316,5,-1,0
212169,2019-02-13 14:08:04.0,A,B,101.409,101.4089,0.001,8.9428,5,1,0
212215,2019-03-13 09:07:13.0,C,A,102.639,102.6607,1.5,9.6412,5,1,0
212218,2019-03-13 16:06:36.0,D,A,100.488,100.3556,0.012,14.0688,5,-1,0
212224,2019-03-13 08:22:27.0,D,A,100.799,100.7832,3.25,14.1457,6,-1,0
212226,2019-03-13 14:56:00.0,K,B,125.701,125.7011,0.006,7.1945,5,-1,0
212234,2019-03-13 14:58:16.0,H,D,108.629,108.5954,0.078,7.2705,11,-1,0
212291,2019-05-13 10:34:36.0,C,A,104.382,104.4223,10.0,9.6809,5,1,0
212293,2019-05-13 09:26:03.0,D,A,103.427,103.3495,0.5,14.4346,5,-1,0
212295,2019-05-13 11:47:23.0,K,B,126.624,126.6245,0.008,7.0967,5,-1,0
212341,2019-06-13 15:37:58.0,K,D,128.04,128.0751,3.784,7.107,5,1,0
212342,2019-06-13 15:12:44.0,C,A,108.714,108.7145,0.2,10.0531,5,-1,0
212355,2019-06-13 15:08:09.0,C,B,108.715,108.7148,0.064,10.0536,5,-1,0
212831,2019-04-05 15:38:38.0,J,F,107.387,107.4518,0.046,10.935,5,1,0
212886,2019-04-09 15:02:34.0,C,G,103.552,103.5357,0.3,9.6687,5,-1,0
213161,2019-04-10 13:12:55.0,E,F,101.471,101.4515,0.55,4.3388,5,-1,0
213166,2019-04-10 15:17:42.0,F,F,111.069,111.009,0.03,13.6034,5,-1,0
213233,2019-04-12 12:39:36.0,D,G,102.714,102.7538,5.7,14.3971,5,1,1
213286,2019-04-26 09:41:19.0,F,F,110.358,110.3077,0.1,13.4619,5,-1,0
213343,2019-04-30 09:39:25.0,H,F,109.817,109.7741,1.0,7.2345,5,-1,0
213503,2019-05-08 11:08:44.0,L,G,100.741,100.7316,10.6,5.2267,5,1,1
213512,2019-05-08 15:08:47.0,C,F,104.745,104.7035,0.986,9.722,5,-1,0
213700,2019-05-16 15:12:49.0,F,F,112.937,112.865,0.063,13.7835,5,-1,0
213732,2019-05-17 14:34:13.0,D,G,105.163,105.172,5.6,14.7149,4,1,1
213758,2019-05-20 14:55:28.0,J,F,109.833,109.8459,0.03,11.1128,5,1,1
213904,2019-05-29 07:00:48.0,E,F,101.893,101.8681,0.041,4.2261,2,-1,1
213991,2019-04-15 12:55:34.0,C,F,103.475,103.4275,0.1,9.6432,5,-1,0
214080,2019-04-18 15:17:00.0,A,G,103.989,103.9667,0.3,9.0324,5,-1,0
215520,2019-05-03 14:45:14.0,L,G,100.623,100.616,10.6,5.2277,4,1,0
215572,2019-05-07 13:47:52.0,L,F,100.669,100.6935,1.0,5.2271,5,1,0
215601,2019-05-08 15:07:44.0,D,F,103.702,103.6522,2.172,14.4929,5,-1,0
215602,2019-05-08 15:10:27.0,H,F,110.221,110.1691,0.043,7.2472,5,-1,0
215623,2019-05-09 15:20:34.0,D,F,103.26,103.2005,1.8,14.4137,5,-1,0
215690,2019-05-14 11:23:30.0,L,G,100.644,100.6722,4.5,5.2064,4,1,0
216033,2019-06-11 15:04:17.0,A,G,108.332,108.3049,6.8,9.3359,5,-1,0
216037,2019-06-11 16:10:35.0,A,G,108.219,108.2576,1.363,9.3306,5,1,0
217656,2019-05-17 14:30:51.0,L,G,101.01,101.009,6.6,5.214,4,1,0
217667,2019-05-20 12:46:26.0,D,G,104.854,104.9423,5.6,14.6764,4,1,0
217673,2019-05-20 14:56:15.0,C,F,105.336,105.3576,0.03,9.7625,5,1,0
217675,2019-05-20 15:23:06.0,L,G,100.927,100.9559,4.9,5.208,5,1,0
217701,2019-05-21 14:39:06.0,D,G,105.133,105.1451,6.0,14.707,4,1,1
217730,2019-05-23 08:08:08.0,C,G,105.64,105.6189,32.8,9.7778,1,-1,1
217753,2019-05-24 08:07:46.0,C,G,105.859,105.872,5.3,9.8023,4,1,0
217772,2019-05-27 13:09:47.0,L,G,101.141,101.17,5.0,5.2021,5,1,0
217816,2019-05-29 08:50:14.0,L,G,101.306,101.3311,5.0,5.2066,4,1,0
217822,2019-05-29 09:26:45.0,C,G,106.752,106.7896,5.1,9.8921,5,1,0
217907,2019-05-31 15:21:28.0,I,F,114.726,114.7591,0.2,5.8809,2,1,0
217933,2019-06-03 11:25:45.0,L,G,101.399,101.419,0.8,5.1983,5,1,0
217964,2019-06-12 15:28:15.0,F,F,118.218,118.173,0.038,14.483,5,-1,1
217986,2019-06-13 15:24:53.0,D,F,111.013,110.9684,0.175,15.5944,5,-1,1
218019,2019-06-14 14:44:20.0,L,G,101.666,101.6812,9.2,5.1787,4,1,0
218169,2019-06-20 12:45:48.0,A,G,110.004,109.9685,0.9,9.4714,5,-1,0
218290,2019-06-06 15:11:04.0,C,G,108.058,108.032,14.6,9.9986,5,-1,0
218346,2019-06-10 14:34:02.0,C,G,108.175,108.124,2.5,10.0039,4,-1,0
218359,2019-06-11 09:31:19.0,H,F,112.14,112.214,100.0,7.3166,1,1,1
218455,2019-06-21 14:33:31.0,D,F,113.513,113.4405,0.05,15.9782,6,-1,0
218458,2019-06-21 15:16:36.0,B,G,130.17,130.262,0.574,28.0632,5,1,1
218615,2019-06-28 14:58:48.0,B,G,131.729,131.74,4.35,28.4463,4,1,0
218646,2019-07-01 14:08:10.0,B,G,131.43,131.928,3.0,28.5014,5,1,0
218815,2019-07-05 14:59:36.0,H,F,113.272,113.2198,1.0,7.3242,6,-1,0
219006,2019-01-25 13:06:08.0,F,F,107.745,107.6845,0.4,13.2834,5,-1,0
219018,2019-01-25 16:14:29.0,F,F,107.642,107.582,0.49,13.2679,5,-1,0
219028,2019-01-28 09:30:53.0,B,G,106.114,106.1755,0.5,21.9003,5,1,0
219052,2019-07-03 08:33:32.0,G,A,109.9,109.8096,10.0,7.7515,5,-1,0
219065,2019-07-03 14:14:25.0,C,A,111.902,111.9636,4.35,10.3517,5,1,0
219068,2019-07-03 11:18:39.0,C,A,111.936,111.9539,13.0,10.351,3,1,0
219071,2019-07-03 14:06:46.0,B,A,136.984,136.8702,2.0,29.8272,6,-1,0
219078,2019-07-03 12:53:29.0,E,A,102.999,103.0237,3.6,4.1891,5,1,0
219079,2019-07-03 14:05:26.0,E,A,102.94,102.9937,3.65,4.1874,5,1,0
219157,2019-09-03 11:12:56.0,J,A,119.384,119.394,7.1,11.9503,5,1,0
219158,2019-09-03 12:17:37.0,J,A,119.497,119.5074,7.25,11.9635,5,1,0
219159,2019-09-03 12:19:56.0,C,A,113.283,113.2993,8.25,10.3252,5,1,0
219163,2019-09-03 15:08:11.0,J,A,119.589,119.5358,0.046,11.9653,5,-1,0
219166,2019-09-03 10:07:26.0,K,B,129.372,129.4026,0.001,6.979,10,1,0
219169,2019-09-03 11:58:34.0,C,B,113.27,113.2395,1.033,10.3184,10,-1,0
219173,2019-09-03 13:43:24.0,C,B,113.146,113.1636,0.05,10.3105,10,1,0
219188,2019-09-03 09:37:07.0,F,A,127.365,127.1637,5.5,15.5588,4,-1,0
219189,2019-09-03 10:22:51.0,C,A,113.256,113.3598,8.5,10.3314,4,1,0
219438,2019-02-04 15:34:47.0,A,A,101.382,101.3633,2.3,8.961,5,-1,0
219439,2019-02-04 08:31:43.0,I,B,112.623,112.6278,0.08,6.0582,5,1,0
219455,2019-02-04 16:12:45.0,H,C,107.666,107.685,0.082,7.2939,5,1,0
219496,2019-03-04 09:26:47.0,C,A,101.283,101.3124,3.75,9.5176,6,1,0
219498,2019-03-04 11:40:36.0,B,A,105.162,105.2469,2.85,21.6122,6,1,0
219501,2019-03-04 16:07:13.0,G,C,103.3,103.2928,0.239,7.5262,5,-1,0
219555,2019-04-04 11:45:42.0,C,A,103.309,103.2821,2.5,9.65,5,-1,0
219560,2019-04-04 15:16:36.0,F,B,110.224,110.1622,0.049,13.4918,5,-1,0
219566,2019-04-04 10:17:00.0,D,A,101.419,101.4687,2.5,14.2059,6,1,0
219568,2019-04-04 14:27:39.0,C,D,103.147,103.2104,0.004,9.6429,14,1,0
219570,2019-04-04 14:27:39.0,G,D,104.446,104.4211,0.012,7.5373,14,-1,0
219571,2019-04-04 14:27:39.0,I,D,113.503,113.4658,0.03,5.9522,14,-1,0
219577,2019-04-04 15:37:51.0,E,C,101.276,101.244,0.017,4.3387,5,-1,0
219688,2019-06-04 10:10:09.0,J,A,112.562,112.5657,0.5,11.3943,5,1,0
219698,2019-06-04 15:08:23.0,D,B,108.874,108.8358,0.058,15.2748,5,-1,0
219700,2019-06-04 08:57:36.0,C,A,107.413,107.4197,7.5,9.9443,6,1,0
219701,2019-06-04 10:13:29.0,D,A,108.904,108.8804,4.0,15.2829,6,1,0
219702,2019-06-04 10:16:21.0,E,A,102.241,102.2119,20.75,4.2275,5,-1,0
219794,2019-06-17 13:53:12.0,D,G,111.425,111.5001,3.4,15.6768,4,1,0
219885,2019-06-19 13:49:32.0,L,G,102.036,102.0561,9.2,5.1933,4,1,0
219886,2019-06-19 13:56:24.0,D,G,113.79,113.8442,9.4,16.0503,4,1,0
219895,2019-06-20 07:05:22.0,C,G,110.659,110.4944,30.0,10.2246,3,-1,0
219956,2019-06-21 14:34:11.0,F,F,120.857,120.803,0.01,14.832,6,-1,0
219974,2019-01-28 16:18:24.0,E,F,100.667,100.6365,0.2,4.4909,5,-1,0
220078,2019-01-31 12:33:48.0,E,F,100.677,100.637,5.0,4.4774,5,-1,0
220089,2019-01-31 15:42:24.0,A,G,101.914,101.8842,0.6,9.0162,5,-1,0
220130,2019-02-01 14:16:25.0,F,G,107.79,107.772,9.9,13.2812,1,1,1
220226,2019-08-13 12:02:34.0,L,A,102.571,102.6214,3.0,5.0757,5,1,0
220227,2019-08-13 12:04:47.0,J,A,117.968,117.9847,1.25,11.8428,5,1,0
220237,2019-08-13 15:07:28.0,I,C,115.847,115.8232,0.085,5.7497,5,-1,0
220295,2019-09-13 08:51:30.0,E,D,102.518,102.498,0.095,3.9577,8,-1,0
220296,2019-09-13 08:51:30.0,G,D,109.244,109.2098,0.025,7.4984,8,-1,0
220303,2019-09-13 15:11:23.0,D,A,116.307,116.4304,0.02,16.2596,6,1,0
220492,2019-02-14 14:01:38.0,C,B,101.009,101.0093,0.4,9.5216,5,-1,0
220556,2019-03-14 08:19:35.0,D,A,100.582,100.4495,3.0,14.0825,6,-1,0
220558,2019-03-14 15:41:41.0,G,B,103.867,103.8669,0.016,7.5442,5,-1,0
220619,2019-05-14 15:07:11.0,B,B,112.398,112.2578,0.007,23.3569,5,-1,0
220620,2019-05-14 15:12:59.0,F,B,111.973,111.8963,0.053,13.6553,5,-1,0
220621,2019-05-14 15:14:03.0,F,B,111.968,111.8913,0.053,13.6546,5,-1,0
220623,2019-05-14 15:12:48.0,A,C,104.861,104.8125,0.896,9.0617,5,-1,0
220624,2019-05-14 15:12:48.0,J,C,108.962,108.906,0.028,11.0178,5,-1,0
220669,2019-06-14 11:17:16.0,B,A,126.567,126.539,0.763,27.0841,5,-1,0
220672,2019-06-14 15:18:36.0,L,A,101.636,101.6324,15.55,5.1758,5,-1,0
220678,2019-06-14 09:03:15.0,K,B,128.226,128.2258,0.012,7.1146,5,-1,0
220679,2019-06-14 12:27:22.0,L,B,101.663,101.663,0.1,5.1776,5,-1,1
220680,2019-06-14 13:13:53.0,K,B,128.204,128.2036,0.001,7.1132,5,1,0
220686,2019-06-14 15:09:16.0,E,A,102.122,102.1215,0.078,4.1896,6,1,0
220688,2019-06-14 15:15:49.0,C,C,109.186,109.162,0.087,10.1001,5,-1,0
220689,2019-06-14 15:08:52.0,D,A,111.99,112.028,1.8,15.763,6,1,0
220691,2019-06-14 15:23:06.0,F,A,119.754,119.6028,3.5,14.6787,3,-1,0
220772,2019-08-14 10:17:19.0,K,B,129.151,129.132,0.03,7.0145,10,-1,0
220778,2019-08-14 11:19:16.0,L,A,102.724,102.7487,1.25,5.0807,6,1,0
220848,2019-10-14 15:10:15.0,E,A,102.542,102.517,1.48,4.0,5,-1,0
220854,2019-10-14 10:22:36.0,B,A,139.73,139.8397,0.3,31.1414,4,1,0
220921,2019-06-26 08:59:13.0,L,G,101.985,101.992,7.35,5.1705,5,1,0
220988,2019-06-27 14:38:18.0,B,F,132.072,132.1615,0.2,28.5649,5,1,0
221049,2019-07-01 15:37:00.0,B,G,132.988,132.898,2.6,28.7514,5,-1,1
221101,2019-07-04 08:14:55.0,F,A,124.389,124.3942,0.6,15.3168,5,1,0
221107,2019-07-04 08:59:18.0,D,A,117.571,117.5779,1.0,16.6174,5,-1,0
221119,2019-07-04 08:35:34.0,E,D,102.96,102.9405,1.121,4.1758,21,-1,0
221203,2019-09-04 09:54:19.0,F,A,125.944,125.8976,1.8,15.378,5,-1,0
221214,2019-09-04 15:00:06.0,L,B,102.818,102.8295,3.0,5.0271,10,1,0
221219,2019-09-04 13:33:06.0,G,A,110.07,109.8677,8.5,7.5826,5,-1,0
221224,2019-09-04 13:30:49.0,I,A,115.826,115.7119,3.2,5.683,5,-1,0
221230,2019-09-04 15:09:51.0,F,A,125.706,125.6606,0.15,15.343,5,-1,0
221290,2019-10-04 10:58:52.0,J,A,118.966,118.9381,5.0,11.8088,4,-1,0
221465,2019-02-05 16:06:57.0,H,B,107.628,107.6275,0.013,7.2869,5,-1,0
221466,2019-02-05 16:07:25.0,J,B,104.716,104.8157,0.423,10.7669,5,1,0
221471,2019-02-05 09:49:00.0,C,A,100.837,100.8409,3.4,9.5297,6,1,0
221524,2019-03-05 10:08:02.0,F,B,108.078,108.1215,0.112,13.267,5,1,0
221526,2019-03-05 15:03:53.0,K,B,125.524,125.5243,0.003,7.203,5,-1,0
221533,2019-03-05 11:24:02.0,C,A,101.751,101.7635,5.5,9.5633,6,1,1
221534,2019-03-05 10:14:16.0,A,A,102.133,102.1367,1.5,8.9686,5,1,0
221536,2019-03-05 09:22:36.0,C,A,101.591,101.5884,5.5,9.5448,6,1,0
221602,2019-04-05 11:11:33.0,G,D,104.447,104.3906,0.075,7.5321,10,-1,0
221692,2019-06-05 08:39:11.0,G,A,107.451,102.1177,23.2,4.2201,2,1,0
221695,2019-06-05 15:06:22.0,C,A,107.79,107.7904,0.574,9.9807,5,-1,0
221700,2019-06-05 08:47:49.0,E,A,102.095,102.0927,16.0,4.2188,5,-1,1
221749,2019-07-05 10:30:40.0,J,A,116.486,116.7841,4.5,11.8012,5,1,0
221751,2019-07-05 13:02:45.0,A,B,110.447,110.4474,0.013,9.4779,5,1,0
221752,2019-07-05 13:30:25.0,C,B,110.831,110.8309,0.001,10.2198,5,-1,0
221762,2019-07-05 07:46:06.0,G,D,109.508,109.5344,0.002,7.7154,3,1,0
221764,2019-07-05 07:46:06.0,C,D,111.708,111.7242,0.011,10.3126,3,1,0
221773,2019-07-05 15:14:52.0,F,A,122.329,122.372,0.036,15.0205,6,1,0
221805,2019-08-05 15:07:49.0,L,A,102.608,102.6283,0.017,5.098,5,1,0
221807,2019-08-05 15:08:58.0,K,A,129.067,129.0978,0.046,7.0363,5,1,0
221831,2019-02-04 15:55:45.0,F,F,107.25,107.17,0.11,13.1914,5,-1,0
221844,2019-02-05 14:38:51.0,F,G,107.134,107.164,9.9,13.1877,3,1,0
221850,2019-02-05 15:52:15.0,G,F,102.778,102.7435,0.5,7.5481,5,-1,0
221870,2019-02-06 11:00:44.0,J,F,104.85,104.9138,0.823,10.7763,5,1,0
221879,2019-02-06 13:25:13.0,F,F,107.202,107.122,0.41,13.1803,7,-1,0
222105,2019-03-15 08:23:16.0,I,B,113.028,113.0281,0.05,5.9769,5,-1,0
222108,2019-03-15 16:15:56.0,A,B,102.798,102.7976,0.8,9.0042,5,-1,1
222113,2019-03-15 10:05:13.0,C,A,102.427,102.4057,6.0,9.6043,6,-1,0
222146,2019-04-15 15:14:17.0,H,B,109.319,109.3186,0.172,7.2416,5,-1,0
222151,2019-04-15 10:59:13.0,D,A,102.147,102.1973,1.5,14.3058,6,1,0
222183,2019-05-15 14:09:43.0,G,B,105.437,105.4366,0.008,7.5201,5,1,0
222185,2019-05-15 15:03:08.0,C,B,104.682,104.6763,0.021,9.7046,5,-1,0
222187,2019-05-15 15:03:59.0,J,B,109.023,109.0564,0.008,11.0348,5,1,0
222189,2019-05-15 15:09:30.0,I,A,114.069,114.0685,0.272,5.8861,5,1,0
222193,2019-05-15 14:34:41.0,A,C,104.938,104.9106,0.063,9.0669,5,-1,0
222195,2019-05-15 15:08:06.0,I,C,114.097,114.0677,0.361,5.8863,5,-1,0
222196,2019-05-15 15:14:28.0,E,C,101.674,101.6555,0.136,4.2536,5,-1,0
222259,2019-07-15 15:09:28.0,A,A,109.038,109.0384,0.156,9.3179,5,-1,1
222285,2019-08-15 11:25:03.0,B,A,143.201,143.3735,1.25,31.4766,5,1,0
222288,2019-08-15 14:12:20.0,B,A,144.159,144.2065,0.2,31.6954,5,1,0
222292,2019-08-15 10:12:21.0,J,A,119.054,119.0691,0.5,11.9583,6,1,0
222365,2019-10-15 07:53:17.0,B,A,140.679,140.579,0.25,31.1414,4,-1,0
222373,2019-10-15 08:46:28.0,L,A,102.367,102.382,3.5,4.9315,4,1,0
222374,2019-10-15 08:47:27.0,D,A,118.491,118.6584,4.5,16.7509,4,1,0
222375,2019-10-15 08:48:26.0,B,A,140.415,140.3477,0.5,31.1414,4,-1,0
222585,2019-07-08 14:54:01.0,B,G,131.467,131.5652,2.05,28.3844,5,1,0
222682,2019-07-11 08:44:16.0,E,F,102.626,102.6073,0.004,4.1394,6,-1,0
222693,2019-07-11 10:52:40.0,B,G,131.128,131.3419,2.2,28.3047,5,1,0
222700,2019-07-11 14:05:26.0,B,G,129.401,129.6801,2.0,27.8719,5,1,1
222710,2019-07-12 07:54:36.0,C,G,109.565,109.5654,5.8,10.0693,5,-1,0
222746,2019-07-15 08:56:43.0,B,G,127.564,127.6503,0.7,27.3276,5,1,0
222747,2019-07-15 09:51:29.0,B,G,127.765,127.7554,5.0,27.342,3,-1,0
222806,2019-07-17 08:13:00.0,J,G,115.086,115.1558,3.8,11.5845,5,1,0
222872,2019-07-19 07:40:12.0,L,G,102.373,102.393,4.0,5.1254,5,1,0
222900,2019-07-22 13:43:15.0,J,G,115.88,115.9154,3.05,11.6596,5,1,0
222969,2019-07-24 14:09:11.0,C,G,111.104,111.0788,1.05,10.2008,6,-1,0
222988,2019-07-25 10:46:08.0,L,G,102.52,102.5518,3.3,5.1183,5,1,1
222993,2019-07-25 12:48:10.0,L,G,102.82,102.8501,4.3,5.1372,5,1,0
223105,2019-07-03 07:39:51.0,D,G,117.047,117.1176,0.8,16.553,5,1,0
223192,2019-07-05 08:47:00.0,B,G,136.226,136.178,0.4,29.6195,5,-1,0
223275,2019-08-05 08:59:12.0,D,A,118.204,118.1846,1.75,16.6423,5,-1,1
223285,2019-08-05 10:05:41.0,J,A,117.84,117.9367,0.75,11.8583,5,1,0
223330,2019-09-05 07:34:15.0,D,A,118.779,118.7346,2.75,16.6487,5,-1,0
223332,2019-09-05 11:32:35.0,J,A,118.091,118.111,4.0,11.792,5,1,0
223333,2019-09-05 11:33:07.0,F,A,124.756,124.6402,2.25,15.1893,5,-1,0
223334,2019-09-05 11:37:06.0,B,A,138.541,138.62,3.0,30.1564,5,1,0
223335,2019-09-05 11:37:48.0,C,A,112.081,112.1109,4.75,10.1905,5,1,0
223337,2019-09-05 08:55:04.0,B,A,139.322,139.4155,3.0,30.3665,5,1,0
223343,2019-09-05 14:20:40.0,I,B,115.474,115.4859,0.004,5.6597,10,1,0
223346,2019-09-05 09:23:24.0,L,A,102.817,102.8469,39.5,5.0199,3,1,0
223347,2019-09-05 15:08:39.0,K,C,128.467,128.425,0.124,6.903,5,-1,1
223350,2019-09-05 15:21:30.0,G,A,109.526,109.5477,0.164,7.5478,6,1,0
223352,2019-09-05 15:07:57.0,L,A,102.646,102.6376,0.146,5.0062,5,-1,0
223354,2019-09-05 08:49:04.0,L,A,102.908,102.8373,1.75,5.0189,5,-1,0
223565,2019-02-06 12:48:54.0,A,A,101.359,101.3521,20.0,8.9555,3,1,1
223567,2019-02-06 16:01:27.0,J,B,104.83,104.897,0.015,10.7737,5,1,0
223622,2019-03-06 16:08:35.0,F,A,108.603,108.6469,0.14,13.3438,5,1,0
223644,2019-03-06 14:45:29.0,K,B,125.702,125.7024,0.001,7.2129,5,-1,0
223645,2019-03-06 09:41:01.0,D,A,99.947,99.9085,3.0,14.0163,5,-1,0
223716,2019-05-06 13:26:29.0,A,B,104.721,104.7206,0.005,9.0722,5,-1,0
223775,2019-06-06 09:39:52.0,J,A,113.143,113.1436,0.063,11.4504,5,1,0
223778,2019-06-06 10:20:29.0,H,A,112.091,112.1162,12.0,7.3173,5,1,0
223785,2019-06-06 08:43:09.0,F,A,117.496,117.4103,6.0,14.3883,5,-1,1
223792,2019-06-06 12:44:17.0,A,B,107.973,107.9334,2.809,9.3064,5,-1,0
223794,2019-06-06 15:08:53.0,E,B,102.091,102.0914,0.12,4.2103,5,-1,0
223795,2019-06-06 15:17:14.0,C,B,108.063,108.0433,0.105,10.0003,5,-1,0
223799,2019-06-06 10:24:08.0,E,B,102.224,102.23,9.0,4.2172,5,1,0
223873,2019-08-06 15:09:42.0,J,A,118.009,117.9974,0.053,11.862,5,1,1
223876,2019-08-06 08:40:43.0,J,A,117.921,117.9438,2.0,11.8566,5,1,0
223880,2019-08-06 07:25:40.0,E,A,102.872,102.8629,3.75,4.0859,5,-1,0
223939,2019-07-10 10:20:33.0,E,F,102.377,102.406,0.01,4.1378,6,1,0
223975,2019-07-11 08:43:23.0,D,F,114.481,114.4268,0.277,16.089,6,-1,0
223999,2019-07-11 14:03:40.0,H,G,112.775,112.8027,2.3,7.2762,5,1,0
224037,2019-07-12 13:45:37.0,A,F,108.679,108.7874,0.362,9.2959,6,1,0
224063,2019-07-15 13:51:34.0,L,G,101.894,101.954,4.4,5.1155,5,1,0
224079,2019-07-16 07:41:36.0,A,G,109.241,109.1508,0.2,9.3258,5,-1,0
224080,2019-07-16 07:41:36.0,A,G,109.241,109.1508,1.75,9.3258,5,-1,0
224121,2019-07-16 14:11:20.0,L,G,102.039,102.0946,4.6,5.1212,5,1,0
224135,2019-07-17 10:18:14.0,J,G,114.994,115.0778,3.75,11.5754,5,1,0
224147,2019-07-17 15:19:34.0,D,F,114.31,114.202,0.019,16.0432,6,-1,0
224152,2019-07-18 07:46:58.0,L,G,102.25,102.2184,25.0,5.1176,4,-1,0
224155,2019-07-18 08:15:07.0,F,G,121.447,121.512,0.6,14.8658,5,1,0
224263,2019-02-13 16:11:42.0,A,F,101.486,101.4538,4.0,8.9474,4,-1,0
224316,2019-02-15 13:11:45.0,B,G,104.767,104.847,0.5,21.5192,5,1,0
224322,2019-02-15 14:45:38.0,F,F,107.084,106.9685,0.1,13.1349,4,-1,0
224398,2019-02-20 12:06:37.0,F,F,107.568,107.5675,1.0,13.2149,7,-1,1
224440,2019-02-21 14:42:08.0,E,F,100.722,100.6795,2.981,4.4228,5,-1,0
224505,2019-02-25 16:19:49.0,G,F,103.464,103.4254,0.45,7.5555,5,-1,0
224506,2019-02-25 16:20:39.0,A,F,102.158,102.1316,0.031,8.9867,5,-1,0
224507,2019-02-25 16:24:32.0,F,F,108.21,108.15,0.1,13.2882,5,-1,0
224509,2019-02-26 08:20:20.0,C,G,101.683,101.7204,10.0,9.5753,3,1,0
224571,2019-02-27 16:02:34.0,F,F,108.036,108.036,0.1,13.2675,5,-1,0
224626,2019-03-01 10:17:59.0,E,G,100.718,100.7135,14.0,4.4029,5,-1,0
224667,2019-03-04 13:02:38.0,B,G,105.305,105.36,5.05,21.6397,5,1,0
224694,2019-03-05 10:48:27.0,B,G,106.08,106.224,9.45,21.8654,5,1,0
224721,2019-03-06 09:34:46.0,C,G,101.959,101.957,9.45,9.5811,5,1,1
224765,2019-03-07 08:32:56.0,D,G,100.146,100.1081,1.0,14.0399,5,-1,0
224831,2019-04-16 11:11:32.0,K,B,126.085,126.0849,0.003,7.1314,5,1,0
224833,2019-04-16 11:11:34.0,A,B,103.691,103.6909,0.028,9.0198,5,1,0
224835,2019-04-16 15:10:26.0,I,B,113.58,113.5802,0.023,5.9328,5,-1,1
224841,2019-04-16 07:46:06.0,C,A,103.399,103.3957,3.5,9.6401,6,-1,1
224843,2019-04-16 10:31:54.0,I,D,113.56,113.5014,0.053,5.9276,9,-1,0
224844,2019-04-16 10:31:54.0,G,D,104.52,104.4834,0.02,7.5159,9,-1,0
224906,2019-05-16 14:34:27.0,A,B,105.414,105.4139,0.001,9.1108,5,1,1
224995,2019-07-16 08:27:05.0,B,A,129.771,129.9036,9.55,27.9259,3,1,1
224997,2019-07-16 10:12:47.0,E,A,102.519,102.5789,1.5,4.1301,5,1,0
224998,2019-07-16 10:15:40.0,F,A,120.967,121.0752,2.0,14.8148,5,1,0
225004,2019-07-16 15:10:21.0,I,A,115.244,115.274,0.038,5.7929,5,1,0
225005,2019-07-16 14:00:48.0,A,B,109.213,109.2729,0.003,9.3383,5,1,0
225006,2019-07-16 15:06:20.0,D,B,113.464,113.5537,0.008,15.9419,5,1,0
225008,2019-07-16 09:02:36.0,J,A,115.355,115.2288,1.5,11.5943,6,-1,0
225038,2019-08-16 08:52:53.0,C,A,114.28,114.2903,3.75,10.4722,5,1,0
225040,2019-08-16 08:54:32.0,E,A,103.141,103.2169,2.0,4.0706,5,1,0
225041,2019-08-16 10:10:09.0,F,A,128.84,128.4461,4.75,15.7798,5,-1,0
225042,2019-08-16 10:12:26.0,D,A,122.176,122.1309,3.25,17.2481,5,-1,0
225043,2019-08-16 10:12:48.0,J,A,120.35,120.3718,3.0,12.1058,5,1,0
225047,2019-08-16 07:32:01.0,C,A,113.989,113.9946,3.75,10.4416,7,1,0
225050,2019-08-16 08:30:24.0,B,B,146.792,146.6395,0.219,32.3441,10,-1,0
225052,2019-08-16 10:06:28.0,K,B,129.714,129.7089,0.005,7.0427,10,-1,0
225055,2019-08-16 13:51:13.0,E,A,103.128,103.114,0.26,4.0653,5,-1,0
225061,2019-08-16 07:32:01.0,L,A,103.125,103.1609,1.25,5.094,8,1,1
225083,2019-09-16 13:28:36.0,I,B,115.001,114.9626,9.0,5.6032,5,-1,0
225132,2019-10-16 10:55:34.0,J,A,117.743,117.6994,0.5,11.6572,5,-1,0
225134,2019-10-16 15:00:05.0,G,A,109.08,109.0989,0.25,7.4952,5,1,0
225135,2019-10-16 15:11:33.0,E,A,102.396,102.4122,1.14,4.0,5,1,0
225142,2019-10-16 13:46:44.0,B,A,138.509,138.6056,0.5,31.1414,5,1,0
225144,2019-10-16 13:46:44.0,L,A,102.21,102.2235,1.0,4.9315,5,1,0
225153,2019-10-16 15:02:27.0,A,A,110.89,110.8663,0.5,9.3811,6,-1,0
225160,2019-10-16 13:53:14.0,E,A,102.423,102.42,11.0,4.0,5,-1,0
225390,2019-04-17 09:59:48.0,K,B,126.109,126.1092,0.002,7.1198,5,-1,0
225392,2019-04-17 14:20:33.0,I,B,113.488,113.4881,0.001,5.9135,5,1,0
225395,2019-04-17 10:45:52.0,F,A,110.036,110.0283,2.3,13.4397,6,-1,0
225426,2019-07-31 12:25:47.0,F,G,123.096,123.1226,2.75,15.0676,5,1,0
225429,2019-07-31 14:02:23.0,F,G,123.188,123.1427,3.0,15.0714,5,-1,0
225506,2019-08-05 07:30:00.0,B,G,139.761,139.8365,0.1,30.5431,5,1,0
226148,2019-07-23 10:14:40.0,A,G,109.853,109.8112,0.7,9.3725,8,-1,0
226205,2019-07-25 07:01:19.0,A,G,110.511,110.5294,3.045,9.4322,5,1,0
226216,2019-07-25 09:58:16.0,D,G,116.153,116.1981,1.0,16.3408,5,1,0
226384,2019-03-08 12:05:16.0,B,F,108.104,108.022,1.4,22.3318,5,-1,1
226511,2019-03-13 16:39:54.0,F,F,109.029,108.952,2.0,13.3692,5,-1,1
226577,2019-03-15 16:12:18.0,I,F,113.079,113.082,0.004,5.9806,5,1,0
226616,2019-03-19 10:51:22.0,H,G,108.972,108.9791,3.0,7.2852,5,1,0
226681,2019-03-21 07:58:42.0,D,F,101.112,101.0332,0.65,14.1615,5,-1,0
226727,2019-03-21 16:19:45.0,F,F,110.123,110.08,0.144,13.5097,5,-1,0
226772,2019-03-25 09:49:08.0,I,G,113.506,113.5236,0.2,5.9875,5,1,0
226810,2019-07-31 15:22:43.0,C,G,111.662,111.632,0.2,10.2409,5,-1,0
227737,2019-08-20 09:26:16.0,A,F,112.275,112.4034,3.828,9.5514,6,1,0
227833,2019-08-23 14:41:16.0,B,F,141.058,141.256,0.219,30.8817,6,1,0
227836,2019-08-23 14:59:17.0,A,G,111.929,112.119,0.71,9.5111,6,1,0
228007,2019-09-04 15:10:59.0,K,F,128.859,128.84,0.021,6.9387,6,-1,0
228017,2019-09-05 08:31:19.0,L,G,102.887,102.7615,1.1,5.0147,5,-1,0
228132,2019-08-07 15:28:00.0,A,F,112.07,112.1178,0.24,9.5585,6,1,0
228231,2019-08-13 14:33:24.0,B,G,139.454,139.5746,0.1,30.4524,7,1,0
228289,2019-08-19 10:58:18.0,B,G,142.53,143.0275,0.61,31.3689,5,1,0
228347,2019-08-21 15:10:54.0,B,G,143.655,143.577,3.1,31.5148,5,-1,0
228385,2019-08-23 10:16:04.0,B,F,140.797,141.0,0.435,30.8118,6,1,0
228395,2019-08-23 14:40:39.0,H,F,114.215,114.1043,0.1,7.2588,5,-1,0
228470,2019-08-28 14:25:23.0,G,F,110.759,110.6998,0.026,7.6685,6,-1,0
228471,2019-08-28 15:19:34.0,G,F,110.763,110.7031,0.107,7.6687,6,-1,0
228482,2019-08-29 09:48:29.0,E,F,103.148,103.1118,0.1,4.0289,6,-1,0
228521,2019-08-30 15:14:37.0,A,G,112.476,112.441,1.3,9.5226,5,-1,0
228523,2019-08-30 15:15:07.0,A,G,112.432,112.4564,0.3,9.5247,6,1,0
228598,2019-09-04 14:19:37.0,C,G,112.655,112.6371,0.3,10.255,5,-1,0
228600,2019-09-04 14:19:38.0,J,G,118.713,118.6791,0.2,11.8675,5,-1,0
228602,2019-09-04 14:25:44.0,L,G,102.837,102.8199,0.3,5.0268,5,-1,0
228643,2019-09-06 07:56:46.0,C,F,112.303,112.2729,0.15,10.2037,6,-1,0
228789,2019-04-01 10:01:18.0,E,F,101.202,101.234,2.0,4.3521,5,1,0
229538,2019-09-18 13:04:42.0,A,G,110.98,111.063,3.9,9.3274,5,1,0
229675,2019-09-26 15:35:21.0,C,G,112.65,112.6812,1.1,10.2237,6,1,1
229786,2019-04-05 09:14:00.0,B,F,109.439,109.3705,0.2,22.648,5,-1,0
229797,2019-04-05 11:29:29.0,C,G,103.18,103.204,5.15,9.6381,3,1,0
229829,2019-04-08 14:49:35.0,F,F,110.6,110.475,0.301,13.5312,5,-1,0
229830,2019-04-08 14:50:09.0,A,F,103.838,103.8049,0.003,9.0511,5,-1,0
230570,2019-05-17 12:04:14.0,K,D,127.132,127.2142,2.15,7.1215,9,1,0
230576,2019-05-17 14:27:48.0,A,B,105.7,105.6995,0.021,9.1365,5,1,1
230577,2019-05-17 14:27:50.0,B,B,114.356,114.4455,0.017,23.9237,5,1,0
230629,2019-06-17 07:40:01.0,A,A,108.828,108.8327,6.5,9.3723,6,1,0
230630,2019-06-17 08:36:54.0,L,A,101.646,101.6293,7.0,5.1732,6,-1,0
230631,2019-06-17 09:47:16.0,L,A,101.605,101.5923,6.5,5.1706,6,-1,0
230635,2019-06-17 12:16:07.0,L,A,101.534,101.5375,6.75,5.1669,6,-1,0
230682,2019-07-17 15:06:22.0,D,A,114.406,114.3231,0.019,16.0616,5,-1,0
230683,2019-07-17 15:06:49.0,L,A,102.194,102.1545,0.047,5.1221,5,-1,0
230684,2019-07-17 09:07:23.0,J,A,115.229,115.1726,0.8,11.5887,6,-1,0
230770,2019-10-17 07:51:02.0,E,A,102.383,102.3755,18.0,4.0,4,-1,0
230771,2019-10-17 12:24:50.0,L,A,102.191,102.205,0.4,4.9315,5,1,0
230773,2019-10-17 13:34:00.0,D,A,117.723,117.776,2.2,16.7509,4,1,0
230774,2019-10-17 14:47:13.0,B,A,138.722,138.7965,0.5,31.1414,4,1,1
230775,2019-10-17 13:26:05.0,B,A,138.215,138.2663,0.5,31.1414,5,1,0
230778,2019-10-17 12:26:45.0,D,A,117.672,117.7054,1.1,16.7509,6,1,0
230779,2019-10-17 12:26:45.0,J,A,117.451,117.4127,0.2,11.584,6,-1,0
230943,2019-02-18 11:11:17.0,A,A,101.558,101.5252,1.5,8.9434,5,-1,0
230980,2019-03-18 11:12:39.0,I,B,113.236,113.2358,0.035,5.9877,5,-1,0
230985,2019-03-18 16:16:09.0,C,C,102.904,102.8833,0.013,9.6521,5,-1,0
231029,2019-04-18 08:31:51.0,D,A,102.083,102.1533,3.0,14.2843,6,1,0
231032,2019-04-18 15:17:56.0,I,C,113.688,113.6434,0.134,5.9208,5,-1,0
231108,2019-06-18 15:09:16.0,I,B,115.533,115.5328,0.015,5.8863,5,1,0
231111,2019-06-18 15:59:21.0,B,B,130.769,130.797,0.66,28.2156,5,1,0
231112,2019-06-18 09:23:36.0,A,A,109.187,109.2339,9.25,9.4093,6,1,0
231121,2019-06-18 10:22:57.0,D,A,112.676,112.7462,1.0,15.8714,5,1,0
231123,2019-06-18 10:22:28.0,A,B,109.285,109.285,0.003,9.4139,5,1,0
231126,2019-06-18 10:23:15.0,K,B,128.587,128.5867,0.034,7.1339,5,-1,0
231128,2019-06-18 15:08:18.0,I,B,115.525,115.5252,0.015,5.8859,5,1,0
231131,2019-06-18 08:22:14.0,C,A,109.372,109.2655,9.0,10.1042,5,-1,0
231662,2019-04-11 15:36:35.0,F,F,111.511,111.451,0.02,13.6601,5,-1,0
231682,2019-10-01 15:29:31.0,L,G,102.704,102.6897,0.5,4.9393,6,-1,0
231763,2019-10-04 14:46:21.0,H,G,113.791,113.8123,0.4,7.1264,6,1,0
231789,2019-10-07 15:14:14.0,A,F,111.838,111.7983,0.031,9.3811,6,-1,0
231837,2019-10-09 13:05:28.0,L,F,102.655,102.6788,0.021,4.9315,1,1,1
231946,2019-10-15 15:15:55.0,G,G,109.228,109.257,0.4,7.4952,5,1,0
233330,2019-04-16 08:47:46.0,D,G,101.777,101.8166,2.9,14.2411,5,1,0
233368,2019-04-17 11:09:23.0,L,F,100.131,100.1009,0.4,5.2335,5,-1,0
233493,2019-09-06 08:15:35.0,H,B,113.714,113.661,0.987,7.187,10,-1,0
233499,2019-09-06 12:37:15.0,F,B,124.707,124.6694,0.6,15.1927,10,-1,0
233516,2019-09-06 09:13:22.0,B,A,137.975,138.08,3.0,30.0206,3,1,1
233517,2019-09-06 11:34:13.0,D,A,118.123,118.1063,4.75,16.5467,3,-1,1
233729,2019-02-07 16:18:35.0,F,B,107.213,107.1684,0.014,13.181,5,-1,0
233735,2019-02-07 08:55:13.0,B,A,105.142,105.1529,1.5,21.6163,6,-1,0
233737,2019-02-07 16:11:22.0,H,C,107.709,107.7516,0.637,7.2863,5,1,0
233805,2019-03-07 16:12:32.0,F,A,109.526,109.5815,0.036,13.4685,5,1,0
233806,2019-03-07 08:43:28.0,H,A,108.455,108.4826,7.25,7.2724,5,1,0
233807,2019-03-07 08:45:34.0,C,A,102.167,102.1449,6.0,9.5947,5,-1,0
233813,2019-03-07 14:45:12.0,A,B,103.091,103.0956,0.002,9.0539,5,1,0
233814,2019-03-07 14:50:02.0,K,B,126.114,126.1143,0.001,7.2342,5,-1,0
233818,2019-03-07 16:10:24.0,J,B,107.0,107.0002,0.016,10.9517,5,1,0
233821,2019-03-07 16:10:34.0,H,C,108.935,108.9593,0.354,7.3091,5,1,0
233822,2019-03-07 16:15:50.0,J,A,107.003,107.0657,0.05,10.9582,15,1,0
233823,2019-03-07 16:15:50.0,F,A,109.566,109.622,0.036,13.4743,15,1,0
233824,2019-03-07 16:22:24.0,F,A,109.576,109.637,1.708,13.4757,5,1,0
233961,2019-06-07 13:24:15.0,L,B,101.848,101.8483,1.0,5.2081,5,-1,0
233962,2019-06-07 15:27:40.0,D,B,111.216,111.1783,0.005,15.6421,5,-1,0
233964,2019-06-07 08:21:42.0,G,A,107.868,107.8526,1.5,7.6544,6,-1,0
233968,2019-06-07 15:21:21.0,D,C,111.216,111.1675,1.146,15.643,5,-1,1
234067,2019-08-07 09:05:02.0,B,A,142.295,142.374,1.0,31.2275,5,1,0
234068,2019-08-07 15:05:54.0,K,B,129.365,129.3963,0.025,7.054,5,1,0
234069,2019-08-07 15:07:01.0,K,B,129.365,129.3915,0.025,7.054,5,1,0
234077,2019-08-07 14:53:55.0,C,A,113.045,113.209,14.532,10.3884,2,1,0
234085,2019-08-07 13:56:52.0,B,A,141.9,142.9305,0.2,31.3712,5,1,0
234964,2019-05-02 14:53:46.0,H,F,110.035,109.9915,0.52,7.2438,5,-1,0
235561,2019-10-07 14:35:34.0,C,B,112.808,112.791,3.1,10.1967,5,-1,0
235564,2019-10-07 11:56:39.0,L,A,102.7,102.6854,4.75,4.9315,4,-1,0
235565,2019-10-07 12:54:55.0,E,A,102.742,102.7127,16.0,4.0,4,-1,0
235573,2019-10-07 15:11:26.0,F,A,125.929,125.8843,0.042,15.3324,5,-1,0
235765,2019-02-08 08:41:55.0,A,A,101.493,101.504,2.3,8.9602,5,1,0
235767,2019-02-08 14:11:45.0,E,B,100.567,100.5665,0.05,4.4519,5,-1,0
235821,2019-03-08 08:16:36.0,A,A,103.05,103.0548,0.024,9.0479,5,-1,0
235822,2019-03-08 16:10:28.0,F,A,109.607,109.506,0.036,13.4555,5,-1,0
235826,2019-03-08 08:46:44.0,B,A,108.012,108.0084,1.5,22.3318,6,-1,1
235828,2019-03-08 10:18:51.0,D,A,100.83,100.8096,4.0,14.1531,5,-1,0
235836,2019-03-08 11:50:27.0,G,D,104.095,104.0858,3.155,7.578,7,-1,0
235871,2019-04-08 08:43:59.0,D,A,101.792,101.852,3.0,14.2641,5,1,0
235873,2019-04-08 12:08:45.0,F,B,110.406,110.428,3.0,13.5238,5,1,0
235876,2019-04-08 07:26:48.0,F,A,110.299,110.2473,1.0,13.4981,5,-1,0
235881,2019-04-08 14:43:35.0,G,B,104.612,104.6122,0.004,7.5476,5,1,0
235890,2019-04-08 15:34:20.0,H,D,109.337,109.2977,1.36,7.2577,11,-1,0
235930,2019-05-08 10:12:48.0,D,A,103.725,103.772,0.75,14.5162,5,1,0
235933,2019-05-08 08:02:10.0,E,A,101.715,101.7347,3.0,4.2773,5,1,0
236023,2019-07-08 13:34:01.0,D,A,114.461,114.428,0.17,16.1042,5,-1,0
236024,2019-07-08 13:47:14.0,D,A,114.349,114.3289,0.7,16.084,5,-1,1
236025,2019-07-08 08:04:10.0,D,B,115.2,115.4458,1.63,16.2679,5,1,0
236027,2019-07-08 13:31:54.0,C,B,110.477,110.4748,2.905,10.1789,5,-1,0
236036,2019-07-08 09:01:33.0,B,A,132.499,132.156,5.129,28.5423,3,-1,0
236044,2019-07-08 09:30:07.0,B,A,131.993,131.8219,2.554,28.4635,3,-1,0
236045,2019-07-08 08:49:06.0,I,A,115.477,115.5933,6.7,5.8352,3,1,0
236051,2019-07-08 11:39:21.0,B,A,132.365,132.3204,0.013,28.5886,5,-1,0
236052,2019-07-08 12:30:48.0,D,A,114.864,114.8437,0.8,16.1693,5,-1,0
236053,2019-07-08 13:33:31.0,D,A,114.461,114.4407,0.7,16.1042,5,-1,0
236054,2019-07-08 08:37:11.0,C,B,110.841,110.8352,0.9,10.2183,5,-1,0
236056,2019-07-08 15:05:20.0,F,B,121.111,121.2475,0.032,14.8609,5,1,0
236058,2019-07-08 15:06:38.0,F,B,121.14,121.2592,0.032,14.8609,5,1,0
236059,2019-07-08 15:07:39.0,F,B,121.111,121.2592,0.032,14.8626,5,1,0
236099,2019-10-04 08:58:27.0,C,G,112.897,112.9222,1.4,10.1969,5,1,0
236142,2019-10-07 15:22:10.0,H,G,113.698,113.7134,0.6,7.12,5,1,0
236184,2019-10-09 13:10:03.0,A,F,111.791,111.8213,0.006,9.3811,1,1,1
236185,2019-10-09 13:12:11.0,D,F,119.411,119.483,0.002,16.7509,1,1,1
237502,2019-08-08 08:03:55.0,C,A,112.525,112.5252,3.3,10.3085,6,1,1
237510,2019-08-08 08:03:55.0,H,A,113.991,113.9383,3.8,7.2873,6,-1,0
237511,2019-08-08 08:03:55.0,B,A,140.518,140.556,1.0,30.7254,6,1,0
237514,2019-08-08 09:07:48.0,F,A,125.773,125.8632,1.5,15.4338,5,1,0
237515,2019-08-08 10:31:37.0,G,A,109.909,109.84,3.7,7.6491,6,-1,0
237539,2019-08-08 15:06:37.0,G,A,109.732,109.7092,0.093,7.6379,5,-1,0
237594,2019-10-08 14:02:49.0,B,A,142.119,142.0441,0.02,31.1414,5,-1,0
237595,2019-10-08 09:55:13.0,I,D,115.525,115.5049,0.014,5.5808,9,-1,0
237600,2019-10-08 09:17:43.0,J,A,118.857,118.8203,0.6,11.783,4,-1,0
237601,2019-10-08 09:19:16.0,L,A,102.709,102.6937,1.6,4.9315,4,-1,0
237602,2019-10-08 11:09:26.0,G,A,109.853,109.8782,1.0,7.4952,4,1,0
237603,2019-10-08 11:10:49.0,J,A,118.991,118.948,0.65,11.783,4,-1,0
237857,2019-04-09 13:26:10.0,A,B,103.81,103.8097,0.013,9.0492,5,1,0
237906,2019-05-09 12:30:34.0,A,B,104.664,104.6643,0.028,9.054,5,1,0
237908,2019-05-09 08:13:20.0,H,A,110.068,110.1645,10.0,7.2396,5,1,0
237982,2019-07-09 10:21:06.0,D,A,114.383,114.3326,0.75,16.0864,5,-1,0
237984,2019-07-09 08:55:00.0,B,B,131.88,131.7838,0.644,28.4409,5,-1,0
237985,2019-07-09 08:26:20.0,C,A,110.179,110.1782,6.0,10.1457,5,1,1
237993,2019-07-09 09:01:31.0,I,B,115.52,115.4979,2.0,5.8259,5,-1,0
237994,2019-07-09 09:53:41.0,A,B,110.066,110.0661,0.016,9.435,5,1,0
238010,2019-05-03 15:31:01.0,D,F,103.46,103.4098,0.05,14.4599,5,-1,0
238212,2019-05-16 08:16:36.0,B,G,113.6,113.6895,3.4,23.7259,4,1,0
239677,2019-05-16 15:18:20.0,H,F,110.46,110.4914,0.78,7.2463,5,1,0
239715,2019-05-17 15:05:05.0,C,F,105.555,105.4989,0.047,9.78,5,-1,0
239848,2019-05-28 08:28:12.0,L,G,101.152,101.2209,6.25,5.2025,4,1,0
239939,2019-05-31 09:02:50.0,A,F,106.96,106.9193,0.043,9.2191,2,-1,0
240624,2019-06-03 11:43:35.0,I,F,114.746,114.7654,0.885,5.8786,1,1,1
240691,2019-06-06 07:20:49.0,C,G,108.023,108.0048,0.6,9.9951,5,-1,0
240776,2019-06-10 15:35:05.0,A,G,108.041,108.0706,1.0,9.3147,5,1,0
241531,2019-06-14 14:41:35.0,L,G,101.65,101.675,9.2,5.1783,4,1,0
241584,2019-06-18 08:30:53.0,D,G,112.149,112.2223,4.6,15.7898,5,1,0
241625,2019-06-18 15:07:16.0,J,G,115.639,115.5682,1.5,11.7081,5,-1,0
241631,2019-06-18 15:30:52.0,C,G,110.266,110.2981,0.8,10.2125,5,1,0
241656,2019-06-19 10:52:00.0,A,G,109.65,109.5826,110.0,9.4401,1,-1,1
242972,2019-07-18 10:00:35.0,F,A,121.766,121.6577,1.0,14.8877,5,-1,0
242975,2019-07-18 15:08:27.0,B,A,131.492,131.5788,0.126,28.3681,5,1,0
242980,2019-07-18 15:09:41.0,E,A,102.584,102.616,0.228,4.1207,5,1,0
242989,2019-07-18 15:14:42.0,I,B,115.484,115.514,0.137,5.7976,5,1,0
242991,2019-07-18 10:01:56.0,J,A,115.881,115.7554,3.0,11.6484,6,-1,0
242993,2019-07-18 08:06:13.0,C,A,110.167,110.1378,7.25,10.1134,5,-1,0
243012,2019-07-18 15:15:43.0,I,B,115.474,115.514,0.137,5.7972,5,1,0
243055,2019-09-18 15:05:50.0,I,A,115.301,115.2726,0.137,5.6021,5,-1,0
243056,2019-09-18 10:10:45.0,I,A,115.13,102.4849,8.2,3.9499,3,-1,0
243066,2019-09-18 09:01:34.0,B,A,136.8,136.7317,2.0,29.6663,4,-1,0
243070,2019-09-18 15:06:20.0,C,C,111.957,111.9393,0.075,10.1123,5,-1,0
243113,2019-10-18 09:17:30.0,E,A,102.396,102.3914,1.91,4.0,5,-1,0
243116,2019-10-18 10:01:10.0,J,A,117.483,117.4547,2.25,11.6041,6,-1,0
243117,2019-10-18 10:57:33.0,F,A,124.451,124.3949,2.0,15.0314,6,-1,0
243119,2019-10-18 12:47:09.0,F,A,124.36,124.3164,1.9,15.0314,6,-1,0
243122,2019-10-18 14:36:13.0,F,A,124.405,124.3613,1.9,15.0314,6,-1,0
243128,2019-10-18 09:20:03.0,L,A,102.229,102.2238,4.88,4.9315,4,-1,0
243288,2019-02-19 12:59:28.0,A,B,101.662,101.6622,0.032,8.9538,5,-1,0
243329,2019-03-19 08:41:31.0,C,A,102.92,102.9395,6.5,9.6547,5,1,1
243344,2019-03-19 09:07:35.0,E,B,101.14,101.14,1.0,4.3823,5,-1,0
243345,2019-03-19 10:39:34.0,A,B,103.22,103.22,0.022,9.0422,5,1,0
243351,2019-03-19 08:36:48.0,B,A,108.008,108.1219,1.5,22.3504,6,1,0
243352,2019-03-19 10:24:50.0,C,A,102.895,102.923,6.5,9.6545,6,1,0
243454,2019-06-19 14:02:29.0,E,B,102.349,102.349,0.078,4.193,5,-1,0
243456,2019-06-19 14:45:52.0,C,B,110.021,110.0206,0.038,10.1811,5,-1,0
243457,2019-06-19 15:09:33.0,C,B,110.027,110.0271,0.067,10.1834,5,-1,0
243462,2019-06-19 15:09:06.0,I,A,115.374,115.3735,0.141,5.8731,5,-1,1
243514,2019-07-19 08:40:57.0,B,A,131.561,131.6365,4.5,28.3913,3,1,0
243520,2019-07-19 13:47:06.0,I,B,115.615,115.5799,0.008,5.7981,5,-1,0
243551,2019-08-19 08:00:15.0,D,A,120.997,120.7529,3.5,17.0219,5,-1,0
243553,2019-08-19 10:22:09.0,K,B,129.324,129.1377,0.004,7.0016,10,-1,0
243554,2019-08-19 14:46:55.0,B,B,142.021,142.6265,0.2,31.2611,10,1,0
243605,2019-09-19 15:10:13.0,G,A,109.202,109.181,0.328,7.4842,5,-1,0
244930,2019-06-21 15:16:36.0,J,G,115.03,115.0653,0.12,11.6357,5,1,0
244954,2019-06-24 15:30:24.0,L,G,101.957,101.9773,5.0,5.1748,5,1,0
244980,2019-06-25 15:25:09.0,D,G,114.726,114.7633,3.6,16.187,5,1,0
245034,2019-06-27 08:41:41.0,D,G,114.543,114.5846,5.0,16.1477,4,1,0
245387,2019-07-02 14:51:03.0,B,G,133.991,134.136,3.9,29.0875,5,1,0
245428,2019-07-03 13:14:30.0,B,G,136.696,136.717,2.5,29.7735,5,1,0
245437,2019-07-03 15:42:39.0,B,G,136.881,136.957,2.5,29.8392,5,1,0
245480,2019-07-05 07:27:25.0,E,G,102.802,102.8675,1.9,4.1695,5,1,0
247071,2019-07-08 14:54:57.0,H,G,112.89,112.9112,2.4,7.2979,5,1,0
247249,2019-07-15 14:07:36.0,J,G,114.515,114.5565,3.55,11.5195,5,1,0
247259,2019-07-16 07:40:25.0,L,G,101.952,102.0119,4.8,5.1162,5,1,0
247858,2019-07-18 07:28:41.0,J,G,115.413,115.4829,2.5,11.6161,5,1,0
247861,2019-07-18 08:02:36.0,J,G,115.689,115.5559,20.2,11.6229,4,-1,0
247866,2019-07-18 09:20:01.0,H,G,112.947,112.8489,1.2,7.2606,5,-1,0
247895,2019-07-19 09:23:31.0,I,G,115.526,115.5785,7.5,5.7981,4,1,0
247959,2019-07-23 10:12:28.0,C,G,110.307,110.3315,0.7,10.1248,7,1,0
248010,2019-07-24 12:19:44.0,A,G,110.602,110.5596,0.5,9.4433,6,-1,0
248011,2019-07-24 12:21:20.0,C,G,111.206,111.1814,0.8,10.2121,6,-1,0
248069,2019-07-25 15:39:49.0,A,G,110.341,110.3193,13.2,9.411,5,-1,1
248147,2019-07-30 09:34:20.0,F,G,122.398,122.4429,2.75,14.9733,4,1,0
248154,2019-07-30 14:03:56.0,B,G,132.268,132.3548,1.2,28.5561,5,1,0
248165,2019-07-09 11:21:25.0,H,A,112.995,112.951,5.45,7.2992,6,-1,0
248171,2019-07-09 11:20:14.0,B,A,131.637,131.5666,0.55,28.3958,5,-1,1
248204,2019-08-09 08:34:47.0,H,D,113.645,113.6739,0.032,7.2629,10,1,0
248205,2019-08-09 10:56:33.0,E,D,102.798,102.8179,0.261,4.0701,10,1,0
248209,2019-08-09 08:26:43.0,D,D,118.426,118.4761,0.053,16.677,10,1,0
248243,2019-09-09 07:40:08.0,C,A,112.109,112.3143,4.0,10.2064,5,1,0
248245,2019-09-09 07:43:52.0,B,A,138.535,139.2886,2.5,30.3297,5,1,0
248246,2019-09-09 08:35:46.0,G,A,109.745,109.7062,4.5,7.5556,5,-1,0
248247,2019-09-09 09:40:05.0,D,A,118.115,118.0667,2.75,16.5378,4,-1,1
248298,2019-10-09 14:31:08.0,A,A,111.728,111.6968,1.3,9.3811,5,-1,0
248312,2019-10-09 14:00:23.0,D,A,119.39,119.3453,0.31,16.7509,5,-1,0
248543,2019-04-10 15:37:29.0,F,D,111.054,111.004,1.735,13.6026,5,-1,0
248548,2019-04-10 13:52:55.0,K,B,126.503,126.5034,0.019,7.1768,5,1,1
248555,2019-04-10 13:29:43.0,G,D,104.96,104.9322,0.028,7.5688,9,-1,0
248601,2019-05-10 15:27:13.0,J,C,108.682,108.7826,0.651,11.0075,5,1,0
248645,2019-06-10 14:37:14.0,D,A,110.165,110.1266,0.7,15.4704,5,-1,0
248650,2019-06-10 08:11:53.0,F,A,118.481,118.4452,1.5,14.5286,6,-1,0
248651,2019-06-10 09:31:10.0,B,A,123.931,123.9322,1.0,26.4019,6,-1,0
248652,2019-06-10 09:40:01.0,C,C,108.162,108.1516,0.065,10.0057,5,-1,0
248696,2019-07-10 08:29:43.0,E,A,102.424,102.4947,13.5,4.1427,5,1,0
248704,2019-07-10 15:06:00.0,A,A,109.78,109.7837,1.242,9.4035,5,1,0
248710,2019-07-10 15:34:50.0,F,B,121.215,121.1406,0.017,14.8379,5,-1,0
249133,2019-08-02 14:46:39.0,A,G,111.299,111.2686,1.8,9.4838,6,-1,0
249142,2019-08-05 09:26:09.0,L,G,102.475,102.6794,2.6,5.1012,5,1,0
249652,2019-08-07 08:56:16.0,D,G,119.479,119.7124,1.2,16.8842,5,1,0
249657,2019-08-07 09:55:57.0,A,G,112.037,112.0571,1.7,9.5525,5,1,0
249750,2019-08-12 15:42:49.0,H,G,113.714,113.7404,0.2,7.2665,5,1,0
250694,2019-08-15 14:20:53.0,H,G,114.408,114.4646,2.5,7.3083,5,1,0
250852,2019-08-27 15:18:02.0,C,G,113.626,113.5908,3.7,10.374,6,-1,0
250868,2019-08-28 15:18:11.0,A,G,112.885,112.9239,1.0,9.58,6,1,0
250955,2019-09-03 12:26:58.0,J,F,119.62,119.4807,2.0,11.96,6,-1,0
251001,2019-09-05 07:43:16.0,C,G,112.392,112.3737,0.2,10.2175,5,-1,0
251547,2019-02-20 15:03:59.0,C,A,101.218,101.2127,0.129,9.5363,5,-1,0
251559,2019-02-20 13:22:20.0,B,A,106.067,106.0642,2.0,21.8474,6,-1,0
251607,2019-03-20 09:28:11.0,B,A,107.662,107.6565,1.25,22.2287,6,-1,0
251610,2019-03-20 07:38:10.0,I,B,113.208,113.1837,0.007,5.979,5,-1,0
251611,2019-03-20 13:36:34.0,K,B,125.875,125.8751,0.01,7.1883,5,1,1
251612,2019-03-20 13:37:08.0,A,B,103.045,103.0449,0.014,9.0221,5,1,0
251667,2019-05-20 08:31:22.0,C,D,105.319,105.4277,20.0,9.7712,10,1,0
251670,2019-05-20 14:26:46.0,A,B,105.565,105.5655,0.004,9.1207,5,1,0
251671,2019-05-20 09:30:05.0,H,D,110.626,110.5827,0.065,7.2483,11,-1,0
251675,2019-05-20 08:33:13.0,J,A,109.861,109.8956,0.5,11.119,5,1,0
251728,2019-06-20 14:23:14.0,E,A,102.381,102.3869,3.75,4.1867,5,1,0
251730,2019-06-20 15:14:53.0,B,A,131.683,131.7532,0.1,28.4688,5,1,0
251748,2019-06-20 11:01:40.0,A,B,109.948,109.948,0.004,9.4687,5,1,0
251751,2019-06-20 10:33:08.0,H,D,113.042,113.0025,0.2,7.3481,15,-1,0
251817,2019-08-20 08:33:48.0,A,B,112.688,112.4129,0.007,9.5529,10,-1,0
251821,2019-08-20 08:37:53.0,A,B,112.703,112.4232,0.007,9.5539,10,-1,0
251824,2019-08-20 15:14:04.0,J,B,120.072,119.7286,0.345,12.0255,10,-1,0
251830,2019-08-20 08:42:18.0,J,A,119.083,119.3831,6.75,11.9864,5,1,0
251831,2019-08-20 09:44:28.0,H,A,114.47,114.1101,9.75,7.2731,5,-1,0
252038,2019-02-21 16:30:12.0,G,C,103.094,103.1288,0.289,7.5357,5,1,1
252039,2019-02-21 11:19:24.0,K,B,125.389,125.3895,0.029,7.2197,5,1,0
252045,2019-02-21 15:47:00.0,I,D,112.809,112.7635,0.526,6.0177,14,-1,0
252046,2019-02-21 15:52:28.0,E,D,100.685,100.6985,0.617,4.4235,15,1,0
252098,2019-03-21 11:09:24.0,E,A,101.277,101.1984,5.0,4.3746,5,-1,0
252543,2019-09-13 08:55:56.0,D,G,117.215,117.3559,1.5,16.408,5,1,0
253285,2019-01-28 15:43:28.0,A,F,101.533,101.5121,2.024,8.992,5,-1,0
253288,2019-01-28 16:11:12.0,J,F,105.208,105.1683,0.024,10.8267,5,-1,0
253345,2019-01-30 10:27:39.0,G,F,102.908,102.8374,0.99,7.5712,5,-1,0
253355,2019-01-30 14:13:20.0,J,F,104.825,104.7917,0.073,10.7772,7,-1,0
253367,2019-01-30 16:19:04.0,A,F,101.352,101.3083,1.372,8.9665,5,-1,0
253391,2019-01-31 13:00:49.0,E,F,100.587,100.627,5.0,4.4769,5,1,0
254403,2019-10-03 11:06:04.0,L,G,102.682,102.6825,8.7,4.9342,5,-1,0
254531,2019-10-10 15:13:05.0,I,G,115.078,115.0981,4.6,5.5808,7,1,0
254655,2019-10-17 15:11:56.0,A,F,111.05,111.0083,0.5,9.3811,7,-1,0
254830,2019-02-01 13:57:53.0,A,G,101.745,101.7151,5.8,8.9982,4,-1,0
254839,2019-02-04 08:21:05.0,F,F,107.423,107.3431,0.9,13.216,6,-1,0
254842,2019-02-04 10:01:44.0,G,F,102.982,102.934,1.5,7.5671,7,-1,0
254848,2019-02-04 11:48:28.0,H,G,107.765,107.7838,9.0,7.3018,3,1,0
254918,2019-02-06 11:04:16.0,F,G,107.042,107.107,9.9,13.1788,3,1,0
254930,2019-02-06 14:05:05.0,A,F,101.43,101.4209,2.0,8.9604,7,-1,0
254937,2019-02-06 16:26:53.0,A,F,101.336,101.32,0.001,8.9508,4,-1,1
254982,2019-10-10 11:49:08.0,I,A,115.205,115.2086,10.5,5.5808,4,1,0
254983,2019-10-10 11:49:55.0,D,A,118.768,118.8052,3.25,16.7509,4,1,0
255165,2019-02-11 12:43:23.0,C,A,100.817,100.7879,4.3,9.5105,6,-1,0
255166,2019-02-11 13:32:27.0,C,A,100.913,100.8596,4.2,9.5183,6,-1,0
255210,2019-03-11 15:10:18.0,G,B,104.149,104.1491,0.004,7.5809,5,-1,0
255213,2019-03-11 15:39:06.0,G,D,104.186,104.1502,0.012,7.5811,3,-1,0
255278,2019-04-11 13:00:14.0,A,B,104.682,104.6819,0.023,9.1264,5,-1,0
255281,2019-04-11 07:58:38.0,G,D,104.911,104.9114,0.012,7.5591,7,-1,0
255282,2019-04-11 07:58:38.0,I,D,113.888,113.8413,0.03,5.957,7,-1,0
255286,2019-04-11 09:17:17.0,D,A,102.867,102.9121,4.0,14.4267,6,1,0
255291,2019-04-11 15:07:15.0,I,C,114.124,114.1066,1.4,5.9744,5,-1,1
255383,2019-06-11 08:29:07.0,B,B,124.488,124.3153,17.56,26.5047,4,-1,0
255388,2019-06-11 12:12:10.0,H,B,112.132,112.1567,12.5,7.3121,5,1,0
255391,2019-06-11 14:00:29.0,C,A,108.535,108.5068,6.0,10.0412,5,-1,0
255395,2019-06-11 11:49:56.0,H,A,112.135,112.1594,8.0,7.3128,6,1,0
255396,2019-06-11 12:45:36.0,J,A,113.571,113.5328,0.5,11.4891,6,-1,0
255397,2019-06-11 12:43:46.0,C,A,108.548,108.5236,6.0,10.0436,6,-1,0
255399,2019-06-11 14:30:42.0,D,A,110.643,110.675,0.5,15.5579,6,1,0
255402,2019-06-11 15:06:36.0,I,C,115.027,114.9993,0.093,5.8715,5,-1,0
255451,2019-07-11 11:43:07.0,H,A,112.981,112.9808,0.8,7.2903,5,-1,1
255452,2019-07-11 11:43:08.0,G,A,108.7,108.7032,0.8,7.6324,5,-1,1
255456,2019-07-11 10:35:15.0,F,A,121.349,121.2259,0.75,14.8438,5,-1,0
255458,2019-07-11 15:10:48.0,L,A,101.991,102.017,0.192,5.1249,5,1,0
255473,2019-07-11 11:44:55.0,E,A,102.487,102.5239,8.1,4.1359,6,1,0
255513,2019-02-08 10:37:33.0,F,G,107.259,107.2855,5.7,13.1954,3,1,0
255526,2019-02-08 15:36:25.0,A,F,101.531,101.5147,0.004,8.9608,5,-1,1
255592,2019-02-13 09:42:43.0,I,F,112.604,112.556,2.5,6.0303,5,-1,0
255593,2019-02-13 09:43:13.0,K,F,125.179,125.1386,1.2,7.2278,5,-1,0
255723,2019-02-19 10:48:51.0,C,G,101.132,101.1351,10.2,9.528,5,1,0
255797,2019-02-22 14:43:06.0,F,F,107.78,107.8565,0.1,13.2481,7,1,0
255800,2019-02-22 16:22:59.0,F,F,108.073,107.919,0.074,13.2571,4,-1,0
255836,2019-02-25 16:18:14.0,I,F,113.036,112.9909,0.004,6.0272,5,-1,0
255838,2019-02-25 16:21:17.0,F,F,108.205,108.145,0.103,13.2875,5,-1,0
255877,2019-10-25 14:30:22.0,A,G,110.688,110.7092,0.03,9.3811,8,1,0
256789,2019-05-21 08:19:26.0,D,A,104.96,104.8698,7.0,14.6635,5,-1,0
256790,2019-05-21 08:20:13.0,C,A,105.378,105.4081,9.0,9.7659,5,1,0
256803,2019-05-21 08:16:08.0,B,A,113.886,113.8423,0.5,23.7639,5,-1,0
256849,2019-06-21 08:49:26.0,H,A,112.72,112.6899,1.5,7.3216,5,-1,0
256850,2019-06-21 10:53:19.0,J,A,115.296,115.2878,2.0,11.6629,5,-1,1
256855,2019-06-21 09:04:14.0,E,D,102.329,102.304,0.54,4.1796,17,-1,0
256857,2019-06-21 09:12:12.0,I,D,115.265,115.2344,0.442,5.8535,19,-1,0
256867,2019-06-21 15:05:34.0,C,C,109.678,109.7015,1.864,10.1375,5,1,0
256950,2019-08-21 11:44:57.0,D,A,120.907,120.4823,2.0,16.9752,5,-1,0
256955,2019-08-21 14:12:37.0,B,B,143.83,143.707,1.05,31.547,5,-1,0
256960,2019-08-21 12:57:59.0,B,B,142.57,143.2465,0.001,31.426,10,1,0
257033,2019-10-21 10:59:54.0,I,A,114.746,114.763,3.75,5.5808,5,1,1
257037,2019-10-21 10:49:49.0,H,A,112.719,112.7334,1.5,7.12,5,1,0
257053,2019-10-21 13:25:31.0,K,B,127.419,127.3861,0.006,6.8256,10,-1,0
257055,2019-10-21 13:25:40.0,K,B,127.35,127.383,0.004,6.8256,10,1,0
257275,2019-02-22 10:49:22.0,K,B,125.504,125.5037,0.022,7.2251,5,-1,0
257276,2019-02-22 11:34:34.0,A,B,101.982,101.9822,0.027,8.974,5,1,0
257279,2019-02-22 10:32:59.0,B,A,106.275,106.3714,1.45,21.9184,6,1,0
257322,2019-03-22 13:13:41.0,E,A,101.305,101.2838,2.5,4.3764,5,-1,0
257327,2019-03-22 14:54:08.0,K,B,126.392,126.3915,0.024,7.2141,5,-1,0
257329,2019-03-22 16:15:56.0,F,B,110.684,110.6482,0.142,13.5903,5,-1,0
257332,2019-03-22 16:15:14.0,E,C,101.347,101.3215,0.036,4.3778,5,-1,0
257334,2019-03-22 16:07:52.0,C,A,103.645,103.64,0.22,9.7188,5,-1,0
257932,2019-09-11 09:08:44.0,F,A,123.692,123.6531,6.0,15.0418,4,-1,1
257933,2019-09-11 10:05:23.0,D,A,117.189,117.1144,4.8,16.3829,4,-1,0
257947,2019-09-11 15:13:20.0,F,A,124.012,124.052,1.044,15.0941,6,1,0
257950,2019-09-11 10:17:20.0,I,A,115.452,115.4366,27.0,5.6472,1,-1,1
257986,2019-10-11 09:43:21.0,E,A,102.52,102.5407,51.5,4.0,3,1,1
258159,2019-02-12 16:06:22.0,E,A,100.562,100.562,0.023,4.4465,5,1,0
258162,2019-02-12 16:27:30.0,I,D,112.573,112.5931,2.646,6.0354,5,1,1
258213,2019-03-12 10:16:38.0,H,A,108.772,108.7715,1.0,7.2874,5,1,0
258261,2019-04-12 15:06:05.0,B,B,111.016,111.1213,0.002,23.1014,5,1,0
258267,2019-04-12 11:40:15.0,D,A,102.751,102.8309,2.0,14.4115,6,1,1
258346,2019-06-12 15:40:55.0,K,D,128.01,128.031,3.786,7.1123,5,1,0
258359,2019-06-12 15:08:19.0,I,A,114.919,114.9194,0.141,5.8638,5,-1,1
258362,2019-06-12 15:12:05.0,C,A,108.433,108.433,0.119,10.0309,5,-1,0
258365,2019-06-12 14:26:23.0,A,B,108.218,108.2182,0.3,9.3241,5,-1,0
258368,2019-06-12 15:12:41.0,K,B,128.01,128.0097,0.033,7.1134,5,1,1
258370,2019-06-12 15:17:55.0,B,A,124.394,124.4166,1.94,26.5333,4,1,0
258372,2019-06-12 09:19:25.0,E,A,102.047,102.0423,5.25,4.1969,6,-1,0
258374,2019-06-12 12:09:50.0,G,A,107.664,107.6937,2.75,7.6333,6,1,0
258375,2019-06-12 12:09:50.0,E,A,102.014,102.0147,5.25,4.1953,6,-1,0
258411,2019-07-12 07:49:56.0,D,A,112.741,112.6802,2.0,15.8092,5,-1,0
258412,2019-07-12 08:43:19.0,B,A,126.504,126.5342,0.018,27.0125,5,-1,0
258414,2019-07-12 10:28:12.0,F,A,119.419,119.128,3.75,14.5441,5,-1,0
258418,2019-07-12 12:25:04.0,B,D,127.755,127.0758,6.114,27.1867,10,-1,0
258420,2019-07-12 07:20:20.0,B,A,128.312,128.3673,4.028,27.5202,2,-1,1
258421,2019-07-12 11:03:21.0,A,B,108.489,108.489,0.008,9.2666,5,1,0
258426,2019-07-12 15:21:31.0,D,B,111.743,111.7494,0.095,15.6603,5,1,0
258464,2019-08-12 13:03:58.0,B,B,138.52,103.6539,1.539,10.2828,5,-1,0
258465,2019-08-12 14:01:32.0,J,A,117.938,117.9383,0.09,11.8409,5,1,1
258469,2019-08-12 15:14:35.0,L,C,102.629,102.6415,0.97,5.0799,5,1,1
258476,2019-08-12 15:11:42.0,G,A,109.58,109.5804,0.336,7.622,5,1,0
258479,2019-08-12 15:19:58.0,H,C,113.699,113.7283,0.271,7.265,5,1,0
258538,2019-09-12 13:32:59.0,A,B,111.38,112.0753,0.25,9.4525,5,1,0
258540,2019-09-12 08:50:11.0,H,A,113.616,113.5863,2.0,7.1654,4,-1,0
258555,2019-09-12 07:58:59.0,J,A,117.784,117.8218,5.6,11.7398,5,1,0
258560,2019-09-12 15:26:02.0,E,A,102.603,102.5975,0.285,3.9656,6,-1,0
258565,2019-09-12 11:58:06.0,A,A,112.189,111.8417,19.0,9.4273,2,-1,1
259168,2019-02-27 16:16:58.0,F,F,108.048,108.048,0.1,13.2692,5,-1,0
259258,2019-03-04 13:40:07.0,B,G,105.647,105.712,4.4,21.7321,5,1,0
260810,2019-02-13 11:51:49.0,B,A,105.194,105.1088,2.0,21.6,6,-1,0
260811,2019-02-13 14:36:36.0,A,A,101.318,101.3341,7.0,8.9362,6,1,0
260813,2019-02-13 07:52:14.0,I,B,112.57,112.5702,0.319,6.0313,5,-1,0
260864,2019-03-13 16:06:22.0,C,B,102.393,102.3927,0.047,9.6135,5,-1,0
260865,2019-03-13 09:11:06.0,B,A,107.961,108.0295,2.0,22.3325,6,1,0
260866,2019-03-13 09:23:27.0,H,D,108.758,108.7146,0.231,7.28,7,-1,0
260869,2019-03-13 09:23:27.0,G,D,104.005,103.9751,0.005,7.5609,7,-1,0
260870,2019-03-13 09:51:58.0,E,A,100.895,100.9056,6.75,4.3868,6,1,0
260876,2019-03-13 14:58:16.0,G,D,103.856,103.8343,0.058,7.5491,12,-1,0
260953,2019-05-13 11:57:11.0,D,A,103.401,103.365,0.75,14.4371,5,-1,0
260958,2019-05-13 10:50:27.0,D,B,103.414,103.336,3.0,14.4315,5,-1,0
260960,2019-05-13 14:25:58.0,A,B,104.723,104.7225,0.001,9.0548,5,-1,0
260965,2019-05-13 15:05:57.0,J,C,108.703,108.6628,0.042,10.991,5,-1,0
261022,2019-06-13 15:15:27.0,D,B,110.988,111.0254,0.019,15.6036,5,1,0
261096,2019-08-13 09:45:15.0,E,A,102.751,102.8524,3.75,4.0663,5,1,0
261101,2019-08-13 11:00:25.0,L,A,102.525,102.6171,3.0,5.0754,5,1,0
261103,2019-08-13 11:03:11.0,F,A,124.804,124.9322,1.0,15.2937,5,1,0
261104,2019-08-13 12:01:25.0,H,A,113.844,113.7722,6.0,7.2666,5,-1,0
261116,2019-08-13 15:07:28.0,E,C,102.89,102.8735,0.019,4.0675,5,-1,0
261119,2019-08-13 09:52:05.0,G,A,109.721,109.6719,6.0,7.627,5,-1,0
261178,2019-09-13 07:44:22.0,D,D,116.974,117.3841,0.069,16.4086,3,1,0
261181,2019-09-13 08:49:34.0,D,A,117.268,117.3853,4.5,16.4146,4,1,1
261184,2019-09-13 08:51:30.0,H,D,113.193,113.1593,0.036,7.1301,8,-1,0
262130,2019-02-01 11:10:15.0,I,B,112.772,112.7722,0.2,6.0703,5,1,1
262199,2019-03-01 08:19:01.0,B,A,106.105,106.0579,1.5,21.8214,6,-1,1
262200,2019-03-01 09:04:05.0,J,A,105.731,105.7067,8.0,10.8133,5,-1,0
262201,2019-03-01 16:26:20.0,A,B,101.767,101.7733,3.5,8.9358,5,1,0
262204,2019-03-01 08:19:01.0,A,A,102.04,102.0582,3.5,8.9641,6,1,0
262205,2019-03-01 12:47:56.0,K,B,125.318,125.3182,0.007,7.1936,5,-1,0
262406,2019-03-06 14:01:31.0,H,F,108.325,108.3673,2.25,7.2707,4,1,0
262472,2019-03-08 08:45:44.0,C,G,102.67,102.7126,7.55,9.6535,5,1,0
262529,2019-03-12 11:06:47.0,B,G,108.399,108.429,3.8,22.4323,1,1,1
262551,2019-03-13 09:45:09.0,C,G,102.667,102.6832,3.7,9.6426,5,1,0
262709,2019-03-14 15:55:38.0,F,G,108.845,108.895,1.2,13.3546,5,1,0
262775,2019-03-18 16:19:43.0,F,F,109.391,109.3305,0.26,13.4128,5,-1,0
262887,2019-03-21 16:21:41.0,E,F,101.182,101.2285,0.17,4.3761,5,1,0
263109,2019-03-22 15:42:00.0,H,G,109.366,109.3829,2.2,7.3061,5,1,0
263112,2019-03-22 16:18:12.0,F,F,110.684,110.641,0.7,13.5881,5,-1,0
263168,2019-03-26 15:18:12.0,F,F,110.377,110.1758,0.07,13.5157,5,-1,0
263178,2019-03-26 16:14:45.0,A,F,103.717,103.7285,0.004,9.0759,5,1,0
263203,2019-03-27 16:20:11.0,F,F,110.982,110.901,0.35,13.6196,5,-1,0
264430,2019-03-29 16:42:28.0,C,F,103.461,103.4185,1.27,9.6781,5,-1,1
264615,2019-04-05 13:45:39.0,D,G,101.684,101.7536,3.9,14.2491,4,1,0
264621,2019-04-05 14:47:10.0,D,G,101.836,101.8348,3.2,14.2623,5,1,0
264668,2019-04-09 13:56:19.0,C,G,103.45,103.5297,7.8,9.6682,4,1,0
265299,2019-02-14 16:53:49.0,B,B,105.054,105.1049,0.025,21.5958,5,1,0
265343,2019-03-14 14:53:16.0,I,B,113.029,113.0495,0.029,5.9809,5,1,0
265401,2019-05-14 14:11:47.0,F,A,111.863,111.9233,1.0,13.6592,5,1,0
265439,2019-06-14 15:07:24.0,H,A,112.38,112.3281,1.8,7.3127,5,-1,0
265444,2019-06-14 15:09:16.0,I,A,115.059,115.0591,0.104,5.862,6,1,1
265448,2019-06-14 09:03:20.0,K,B,128.226,128.2258,0.011,7.1146,5,1,0
265456,2019-06-14 15:18:32.0,F,C,119.672,119.623,0.114,14.6812,5,-1,0
265457,2019-06-14 15:23:06.0,L,A,101.661,101.6324,10.25,5.1758,3,-1,0
265517,2019-08-14 11:16:38.0,E,A,102.877,102.8971,2.0,4.0659,5,1,0
265518,2019-08-14 11:21:45.0,F,A,125.77,126.103,1.0,15.4593,5,1,0
265537,2019-08-14 15:18:34.0,H,C,114.148,114.1905,0.4,7.2953,5,1,0
265599,2019-10-14 09:08:54.0,C,A,112.035,112.0306,5.0,10.1967,4,-1,1
265783,2019-03-15 08:42:43.0,I,B,113.009,113.0321,3.0,5.9765,5,1,0
265784,2019-03-15 09:31:28.0,K,B,125.668,125.6677,0.005,7.1816,5,-1,0
265786,2019-03-15 16:10:27.0,K,B,125.722,125.722,0.013,7.1854,5,-1,0
265792,2019-03-15 08:32:31.0,D,A,100.379,100.3789,2.0,14.0691,6,-1,0
265798,2019-03-15 13:16:16.0,H,B,108.661,108.6639,4.29,7.2655,5,1,1
265828,2019-04-15 10:40:15.0,K,B,126.226,126.2262,0.026,7.144,5,-1,0
265832,2019-04-15 15:13:55.0,B,B,110.194,110.1438,0.02,22.8438,5,-1,0
265834,2019-04-15 09:47:13.0,D,A,102.036,102.0863,1.5,14.2878,6,1,0
265877,2019-03-01 09:01:41.0,B,A,106.13,105.9729,2.5,21.8043,6,-1,0
265916,2019-04-01 13:39:55.0,F,A,109.849,109.8822,1.7,13.462,6,1,0
265926,2019-04-01 09:19:22.0,A,B,103.394,103.3941,0.014,9.0274,5,1,0
265929,2019-04-01 14:11:44.0,A,B,103.398,103.3976,0.003,9.0278,5,1,0
266015,2019-07-01 15:38:21.0,B,A,132.643,132.908,21.47,28.7621,2,1,0
266018,2019-07-01 07:37:15.0,D,A,114.547,114.5791,2.75,16.1423,6,1,0
266021,2019-07-01 08:15:41.0,E,D,102.528,102.5428,0.118,4.1698,9,1,0
266024,2019-07-01 09:33:55.0,G,D,108.562,108.5952,0.016,7.6558,9,1,0
266029,2019-07-01 10:53:03.0,K,B,128.51,128.5105,0.005,7.0928,5,-1,1
266030,2019-07-01 13:58:16.0,J,B,115.749,115.7009,0.16,11.6896,5,-1,0
266040,2019-07-01 14:02:08.0,J,A,115.698,115.7085,0.13,11.6918,5,1,0
266085,2019-08-01 14:33:28.0,J,A,117.187,117.2219,0.084,11.7792,5,1,0
266088,2019-08-01 09:03:14.0,F,A,123.215,123.2602,1.0,15.08,5,1,0
266089,2019-08-01 09:03:17.0,E,A,102.734,102.7539,2.0,4.0889,5,1,0
266092,2019-08-01 10:38:36.0,F,A,123.202,123.2467,1.0,15.079,5,1,0
266093,2019-08-01 14:12:50.0,J,A,117.214,117.1792,0.42,11.7757,5,-1,0
266099,2019-08-01 10:00:00.0,B,B,134.169,134.2556,1.1,29.0498,5,1,0
266101,2019-08-01 12:36:15.0,K,B,128.879,128.8742,0.006,7.0265,5,-1,0
266103,2019-08-01 15:20:41.0,E,B,102.879,102.8594,0.476,4.0943,5,-1,0
266110,2019-08-01 15:24:36.0,D,B,116.908,116.8988,0.091,16.4394,5,-1,0
266119,2019-08-01 15:15:29.0,J,C,117.233,117.2895,0.726,11.7863,5,1,0
266121,2019-08-01 10:35:38.0,L,A,102.52,102.5459,1.3,5.0988,5,1,1
266204,2019-10-01 15:13:45.0,B,A,140.996,140.9962,0.01,30.4497,5,1,1
266484,2019-04-02 09:34:51.0,C,B,103.043,103.0426,0.08,9.6324,5,-1,0
266485,2019-04-02 10:21:45.0,K,B,126.013,126.0132,0.002,7.1637,5,1,0
266961,2019-04-17 13:18:50.0,D,G,101.622,101.6718,5.7,14.2074,5,1,0
266968,2019-04-18 07:15:15.0,D,G,101.774,101.7737,2.8,14.2219,5,1,1
267024,2019-04-24 14:28:35.0,D,F,102.135,102.0743,0.78,14.2664,5,-1,0
267373,2019-04-26 13:01:30.0,D,F,102.414,102.3644,0.6,14.3053,5,-1,0
267382,2019-04-26 15:17:42.0,D,F,102.855,102.777,0.06,14.3729,5,-1,0
267409,2019-04-29 14:47:56.0,F,F,111.385,111.3295,0.585,13.6047,5,-1,0
